1950 3100
497 137 661 204 (111)
725 137 1529 195 TIBER1U8.14.107

200 265 365 324 τίμιοι·
399 265 529 328 adeo,
562 275 620 315 ut
652 267 878 331 imagines
909 268 1013 329 ejus
1043 274 1288 316 etstatuas
1319 267 1531 316 Nemau-

201 344 345 381 senses
374 332 705 389 subverterint,
739 347 811 391 ac,
844 330 1064 379 familiari
1084 331 1289 395 quodam
1319 333 1533 380 convivio

202 394 425 442 mentione
444 397 486 457 ej
490 411 546 443 us
566 395 684 469 orta,
711 396 954 455 exstiterit,
981 395 1066 456 qui
1085 397 1203 444 Caio
1222 395 1531 458 polliceretur,

207 459 241 486 “
258 413 513 506 Confestim
533 474 598 519 se,
633 458 675 505 si
700 457 1075 519 juberegnhod
1074 476 1157 508 um
1185 461 1532 522 navigaturum,

472 522 691 645 ⁸352
695 520 1423 649 emeseni
1428 525 1537 635 ει

205 649 479 726 discrimine,
527 659 713 699 coactus
753 657 837 710 est,
884 657 984 697 tam
1026 648 1140 710 suis,
1183 665 1329 712 quam
1370 652 1536 700 matris
1577 667 1584 679 ·

205 714 552 776 impensissimis
571 713 783 776 precibus
802 713 1003 761 reditum
1028 714 1346 790 expostularei
1387 717 1537 778 impe-

204 778 445 840 travitque,
492 778 683 841 adJutus
717 777 1011 840 aliquantum
1055 778 1196 826 etiam
1232 793 1357 826 casu.
1437 778 1537 827 De-

203 842 426 893 stinatum
453 843 675 920 Augusto
705 850 818 902 erat,
859 840 979 889 nihil
1005 856 1143 904 super
1174 842 1231 889 es
1260 857 1326 904 re,
1365 842 1456 890 nisi
1476 859 1537 891 ex

211 904 444 954 voluntate
464 907 655 969 majoris
685 905 789 967 filii,
822 913 1035 954 statuere.
1100 904 1170 966 Is,
1193 905 1310 953 forte
1330 914 1443 954 tunc
1464 907 1542 954 M.

204 969 362 1018 Iaollio
399 970 626 1032 offensior,
667 969 818 1019 facilis
846 968 1186 1032 exorabilisque
1230 969 1283 1016 in
1325 971 1542 1018 vitricum

204 1033 311 1085 fuit.
374 1035 675 1083 Permittente
695 1050 804 1097 ergo
825 1034 958 1095 Caio,
988 1041 1226 1081 revocatus
1246 1040 1345 1091 est3
1380 1048 1541 1081 verum

201 1099 293 1146 sub
323 1099 596 1160 conditione,
641 1113 701 1147 ne
742 1113 889 1161 quam
920 1105 1102 1161 partem
1140 1112 1355 1146 mramve
1386 1099 1543 1161 reipu-

197 1161 336 1214 blicae
362 1165 616 1225 attingeret.

269 1224 405 1291 (14.)
437 1227 599 1276 Rediit
628 1234 790 1277 octavo
823 1233 931 1291 post
962 1240 1190 1275 secessum
1211 1240 1347 1287 anno,
1370 1226 1544 1289 magna

204 1304 292 1338 nec
311 1291 484 1340 incerta
504 1307 585 1355 spe
604 1292 888 1368 futurorum,
918 1305 1065 1354 quam
1085 1298 1132 1338 et
1151 1292 1340 1339 ostentis
1360 1299 1405 1338 et
1426 1306 1545 1354 prae-

204 1354 489 1405 dictionibus
519 1358 581 1405 ab
601 1355 738 1404 initio
767 1356 916 1404 aetatis
947 1363 1227 1418 conceperat.
1292 1356 1546 1433 Praegnaiis

204 1420 336 1468 aim
372 1420 529 1481 Livia,
562 1419 1367 1482 cum,anmaremedimraesset,
1406 1421 1547 1469 variis

205 1492 414 1547 captaret
456 1484 705 1546 ominibus,
752 1499 896 1533 ovum
928 1484 1169 1532 incubanti
1209 1484 1399 1547 gallinae
1435 1486 1547 1532 sub-

204 1547 407 1598 ductum
441 1564 565 1598 nunc
601 1549 702 1611 sua,
749 1563 873 1597 nunc
907 1549 1225 1598 ministrarum
1257 1564 1418 1610 manu,
1467 1565 1550 1627 per

207 1613 336 1664 vices
355 1629 505 1676 usque
533 1628 588 1662 eo
615 1613 749 1675 fovit,
784 1613 940 1675 quoad
971 1613 1132 1675 pullus
1166 1614 1405 1676 insigniter
1438 1615 1550 1662 cris-

206 1684 341 1726 ntus
362 1677 578 1727 exclusus
608 1686 692 1728 est.
756 1677 835 1728 Ac
871 1677 930 1726 de
950 1676 1126 1725 infante
1148 1677 1415 1726 Scribonius
1446 1693 1552 1726 ma-

206 1741 491 1791 thematicus
510 1742 727 1817 preclara
747 1741 1023 1818 spopondit:
1051 1743 1087 1770 ‘⁶
1098 1742 1239 1789 etiam
1253 1750 1551 1804 regnaturum

208 1805 513 1869 quandoque,
546 1806 628 1854 sed
652 1806 749 1854 sine
767 1806 894 1868 regio
925 1805 1144 1867 insigni3’
1147 1805 1357 1867 'ignota
1377 1806 1552 1853 scilicet

205 1877 327 1918 tunc
340 1869 738 1919 adhucCaesai-um
751 1878 992 1932 potestate.
1036 1857 1552 1931 Egingoessopfimam

205 1934 572 1997 expeditionem,
618 1950 673 1983 ac
708 1949 791 1996 per
826 1933 1157 1982 Macedoniam
1197 1932 1391 1979 duoenoe
1424 1947 1554 1979 exer.

206 1998 364 2045 citum
379 1999 432 2045 in
451 1998 651 2075 Syriam,
673 1998 856 2057 accidit,
879 2006 935 2045 ut
955 1995 1084 2059 apud
1100 1994 1344 2058 Philippos
1365 2005 1555 2044 sseratae

206 2062 333 2110 olim
367 2062 627 2111 victricium
649 2062 886 2125 legionum
916 2077 1007 2109 arae
1028 2067 1189 2123 sponte
1211 2060 1380 2107 subitis
1409 2059 1556 2107 collu-

207 2134 372 2175 cerent
407 2125 629 2189 ignibus;
673 2134 721 2174 et
761 2141 893 2187 mox,
936 2139 1062 2184 cum,
1097 2123 1342 2186 Illyricum
1377 2132 1554 2187 petens,

202 2193 359 2253 juxta
395 2189 646 2239 Patavium
675 2190 850 2240 adisset
884 2189 1112 2253 Geryonis
1147 2187 1401 2248 oraculum,
1438 2197 1559 2237 sorte
1661 2201 1664 2204 ¹

206 2254 383 2315 nacta,
423 2255 519 2317 qua
552 2257 841 2316 monebatur,
883 2263 939 2302 ut
973 2253 1034 2301 de
1063 2252 1475 2301 consultatiom‘bus
1507 2253 1560 2300 in

205 2318 385 2381 Aponi
393 2318 569 2367 fontem
577 2319 696 2368 talos
708 2334 868 2367 aureos
880 2320 1068 2381 jaceret,
1078 2316 1244 2376 evenit,
1256 2324 1561 2367 utsummum

205 2397 469 2430 numerum
502 2384 617 2445 jacti
653 2385 714 2432 ab
751 2398 807 2431 eo
840 2336 1161 2440 ostenderent,
1204 2379 1434 2444 hodieque
1468 2383 1566 2435 sub

205 2447 348 2511 aqua
385 2447 599 2496 visuntur
634 2446 689 2497 hi
724 2448 823 2496 tali.
887 2447 1018 2495 Ante
1050 2459 1223 2509 paucos
1259 2459 1381 2507 vero,
1414 2460 1560 2509 quam

205 2520 523 2574 revocaretur,
565 2512 681 2576 dies,
724 2511 902 2575 aquila,
943 2523 1185 2574 nunquam
1230 2517 1364 2558 antea
1399 2508 1561 2558 Rhodi

206 2584 482 2638 conspecta,
507 2577 558 2623 in
578 2577 781 2626 culmine
803 2576 968 2626 domus
989 2577 1093 2638 ejus
1113 2573 1307 2623 assedit·
1330 2582 1393 2636 et,
1414 2574 1564 2638 pridie

205 2639 1564 2706 quamdereditucertiorfiaeuvesfimentsmunnfi
