1950 3100
546 149 680 218 (11.)
742 155 1121 204 AUGUSTUS,
1191 146 1295 207 100.
1433 228 1438 233 Ι
1521 157 1585 214 97

257 289 358 328 tam
371 281 592 341 animam,
608 282 797 344 signum
807 282 1017 332 ali'enatae
1026 286 1195 333 mentis
1208 284 1423 346 ostendit,
1439 286 1583 347 quod,

255 346 415 393 subito
435 345 720 407 pavefacms,
736 362 765 393 a
777 348 1083 411 quadraginta
1094 365 1142 397 se
1150 350 1403 411 ¹juvenibus
1415 351 1583 413 abripi,

251 418 463 472 questus„
477 417 560 456 est.
629 409 690 457 Id
725 425 912 473 quoque
939 414 1090 474 magis
1118 414 1415 476 praesagium,
1441 429 1585 476 quam

251 474 423 521 mentis
450 473 727 534 deminutio,
761 474 886 532 fuit3
927 476 1159 538 siquidem
1191 478 1382 525 totidem
1410 478 1585 526 milites

251 538 516 599 praetoriani
537 539 803 585 exmlerunt
821 555 929 587 eum
949 542 1000 586 in
1021 541 1278 603 publicum.

317 603 343 665 (
360 600 492 665 100.)
523 600 662 650 Obiit
680 603 732 649 in
751 604 966 651 cubiculo
981 605 1157 666 eodem,
1177 621 1273 669 quo
1292 613 1422 668 pater
1436 606 1582 655 Octa-

236 666 380 729 Χίοις,
403 665 588 714 duobus
609 667 778 728 Sextis,
798 668 1023 731 Pompeio
1038 678 1085 716 et
1104 669 1361 732 Appuleio,
1380 671 1581 718 consuli-

253 731 363 789 bus,
386 730 565 777 decimo
593 739 759 792 quarto
784 732 1012 780 Calendas
1035 734 1332 795 Septembfis,
1355 734 1470 785 hora
1490 736 1583 781 diei

252 795 395 853 nonin,
435 796 774 856 septuagesimo
809 805 856 844 et
891 804 1025 844 sexto
1058 800 1206 845 oetatis
1244 813 1380 858 anno,
1417 798 1583 846 diebus

249 860 463 921 quinque
484 867 530 906 et
551 859 741 921 triginta
758 860 930 908 minus.
998 861 1179 922 Corpus
1195 861 1459 910 decuriones
1472 870 1581 909 mu-

249 924 529 985 nicipiorum
563 930 610 969 et
642 924 926 972 coloniarum
958 941 989 972 a
1023 924 1151 973 Nola
1186 926 1397 973 Bovillas
1434 941 1584 988 usque

252 987 570 1050 deportarunt,
604 989 834 1050 noctibus,
866 996 1053 1051 propter
1093 990 1203 1035 anni
1236 997 1439 1050 tempus,
1472 1005 1580 1036 cum

250 1051 463 1099 interdin'
476 1053 528 1098 in
549 1052 741 1100 basilica
759 1055 990 1115 cujusque
1014 1053 1191 1114 oppidi,
1226 1052 1299 1100 vel
1330 1054 1380 1099 in
1409 1053 1581 1100 aedium

250 1131 485 1164 sacrarum
500 1117 724 1175 maxima,
737 1125 1041 1179 reponeretur.
1097 1117 1146 1164 A
1163 1116 1364 1164 Bovillis
1376 1124 1583 1180 equester

253 1179 368 1228 ordo
395 1181 613 1243 suscepit,
648 1180 861 1243 Urbique
891 1182 1067 1241 intulit,
1099 1189 1239 1244 atque
1269 1182 1320 1227 in
1353 1182 1582 1229 vestibulo

250 1245 418 1293 domus
437 1244 691 1292 conocavit.
757 1246 970 1306 Senatus,
990 1254 1036 1293 et
1050 1246 1100 1292 in
1115 1245 1274 1293 funere
1294 1246 1514 1306 ornando,
1533 1255 1581 1294 et

249 1310 304 1355 in
318 1309 539 1357 memoria
560 1308 842 1370 honoranda,
857 1324 911 1357 eo
924 1310 1079 1358 studio
1091 1311 1297 1358 certatim
1313 1325 1579 1372 progressus

246 1380 333 1434 est,
348 1381 419 1433 ut,
433 1374 552 1420 inter
567 1374 660 1421 alia
674 1374 928 1436 complura,
939 1375 1196 1422 censuerint
1208 1374 1418 1437 quidam,
1437 1375 1581 1423 funus

248 1436 526 1500 triumphali
556 1438 690 1500 porta
723 1437 1003 1499 ducendum,
1040 1439 1319 1501 praecedente
1351 1439 1578 1500 Victoria,

250 1514 359 1565 quae
392 1509 463 1550 est
498 1502 549 1549 in
583 1502 726 1564 curia,
767 1504 1037 1552 canentibus
1078 1505 1277 1552 naeniam
1314 1505 1579 1566 principum

245 1568 406 1614 liberis
435 1567 679 1629 utriusque
709 1569 875 1625 sexum
911 1568 1009 1628 alii,
1033 1570 1357 1632 exsequiarum
1389 1570 1464 1616 die
1495 1584 1579 1631 po-

247 1632 423 1679 nendos
445 1632 641 1679 annulos
662 1646 839 1691 aureos,
863 1630 1119 1695 ferreosque
1151 1634 1429 1691 sumend0s3
1463 1648 1579 1681 non-

246 1695 386 1755 nulli,
410 1695 606 1757 legenda
632 1711 737 1744 ossa
756 1710 838 1757 per
858 1696 1109 1744 sacerdotes
1131 1712 1420 1745 summorum
1444 1697 1579 1745 colle-

248 1761 450 1823 giorum.
498 1759 612 1806 Fuit
625 1768 687 1820 et,
705 1761 790 1822 qui
801 1760 1026 1821 suaderet,
1036 1753 1392 1823 appellationem
1407 1761 1580 1808 mensis

247 1824 465 1885 Augusti
493 1824 543 1870 in
564 1825 879 1887 Septembrem
901 1824 1289 1882 transferendamg
1326 1825 1468 1888 quod,
1490 1825 1579 1872 hoc

247 1889 435 1949 genitus
470 1887 736 1950 Augustus,
767 1888 852 1936 illo
885 1889 1131 1936 defunctus
1168 1896 1314 1945 essen
1355 1890 1492 1948 alius,
1525 1896 1581 1935 ut

246 1953 1127 2079 mmfiufiifnffi'ffissfflpffiffl
1154 1953 1221 2063 ⁸3}
1248 1953 1579 2063 ῗέᾬωςὲἑὶζξ

1126 2051 1142 2076 9

244 2079 502 2127 referretur.
568 2080 764 2142 Verum,
778 2081 989 2129 adhibito
1008 2080 1258 2127 honoribus
1278 2080 1434 2139 modo,
1458 2078 1579 2125 bifa-

245 2145 367 2190 riam
400 2143 622 2192 laudatus
652 2153 749 2202 est3
784 2160 870 2208 pro
895 2144 992 2193 aede
1014 2143 1079 2191 D.
1103 2144 1229 2191 Julii
1249 2159 1278 2191 a
1303 2144 1508 2203 Tiberio,
1532 2155 1580 2190 et

241 2222 332 2271 pro
367 2208 553 2256 Rostris
590 2210 819 2256 veteribus
856 2225 885 2256 a
919 2209 1095 2268 Druso,
1133 2208 1314 2255 Tiberii
1347 2207 1476 2264 ffli03
1524 2207 1580 2255 ac

234 2280 509 2320 senatorum
538 2271 744 2321 humeris
773 2273 954 2321 delatus
985 2274 1036 2320 in
1056 2273 1308 2335 Campum,
1332 2278 1581 2320 crematus-

235 2351 353 2401 que.
423 2336 478 2383 Ν
475 2351 527 2384 ec
546 2336 696 2384 defuit
715 2338 786 2385 vir
805 2338 1061 2400 praetorius,
1087 2338 1172 2399 qui
1193 2352 1241 2385 se
1263 2335 1463 2398 effigiem
1484 2349 1579 2382 cre-

180 2444 189 2450 ,
226 2402 362 2449 mati
392 2408 582 2448 euntem
607 2401 657 2448 in
685 2401 853 2450 coelum
887 2401 1056 2450 vidisse
1082 2404 1271 2463 juraret.
1333 2399 1581 2462 Reliquias

219 2463 455 2526 legerunt
478 2466 701 2527 primores
730 2467 952 2528 equestris
975 2466 1165 2526 ordinis,
1189 2465 1385 2512 tunicati
1411 2471 1458 2510 et
1485 2463 1580 2511 dis-

217 2530 399 2589 cincti,
424 2529 717 2594 pedibusque
737 2530 892 2590 nudis,
917 2546 971 2578 ac
995 2528 1243 2577 Mausoleo
1263 2528 1577 2577 condiderunt.

211 2592 303 2643 Id
335 2607 472 2655 opus,
496 2594 616 2641 inter
647 2594 932 2643 Flaminiam
964 2596 1090 2643 viam
1110 2595 1355 2657 ripamque
1377 2591 1577 2654 Tiberis,

204 2664 374 2710 sexto
406 2672 494 2707 suo
527 2658 772 2709 consulatu
806 2667 1097 2709 exstruxerat
1112 2675 1146 2718 ς,
1171 2658 1581 2721 circumjectasque

1342 2737 1376 2769 x
