1950 3100
541 175 704 242 (111.)
770 176 1117 228 TIBERIUS.
1186 179 1264 235 76.
1479 182 1569 237 137

305 302 446 368 (75.)
479 303 636 353 Morte
656 307 757 368 ejus
777 307 846 354 ita
864 307 1049 356 laetatus
1069 316 1140 356 est
1167 306 1389 372 populus,
1424 316 1495 368 ut,
1518 308 1580 357 ad

237 367 1068 482 mamaeam-ww*
1106 387 1358 484 ‘erm’
1271 373 1307 400 “
1332 371 1579 484 Tim

240 495 464 574 ‘Deosque
477 469 648 574 M'anes
660 508 855 588 orarent,
869 451 1123 577 nergffiuo
1138 500 1294 557 sedem
1310 500 1475 578 ullam,
1485 502 1582 549 nisi

240 562 1582 693 affinmadffiffafflfflffisffffis

244 690 358 736 tinae
393 690 691 752 crudelitatis,
727 693 869 739 etiam
909 694 1079 741 recenti
1114 695 1364 742 atrocitate.
1431 696 1578 755 Nam,

242 767 356 801 cum
388 756 802 805 senatus-consulto
823 765 1016 804 cautum
1048 767 1183 819 esset,
1216 766 1272 805 ut
1289 774 1424 822 poena
1443 758 1578 806 dam.

243 825 461 867 natorum
483 819 533 866 in
554 819 787 869 decimum
808 835 990 884 semper
1008 822 1133 869 diem
1161 821 1433 884 differretur,
1460 822 1579 871 forte

246 883 430 943 accidit,
457 890 513 931 ut
533 885 841 946 quorumdam
862 886 1080 948 supplicii
1113 886 1212 935 dies
1244 887 1286 934 is
1316 895 1448 947 esset,
1483 902 1579 997 qluo

243 948 512 995 nuntiatum
535 947 594 996 de
629 949 819 998 Tiberio
850 958 961 997 erat.
1028 950 1151 1010 Hos,
1174 950 1473 1012 implorantes
1527 966 1579 999 o-

244 1012 431 1073 minum
451 1011 609 1072 fidem,
633 1015 746 1076 quia
767 1012 976 1079 (absente
998 1014 1152 1062 adhuc
1180 1015 1312 1075 Caio,
1335 1028 1474 1062 nemo
1495 1030 1577 1062 ex·

245 1077 416 1137 stabat,
441 1077 525 1139 qui
547 1077 664 1125 adiri
685 1077 1057 1141 interpellarique
1076 1077 1254 1143 posset)
1274 1077 1500 1139 custodes,
1519 1093 1579 1126 ne

245 1140 365 1203 quid
381 1140 597 1190 adversus
613 1144 915 1190 constitutum
928 1142 1143 1203 facerent,
1159 1142 1584 1205 strangulaverunu'

246 1206 602 1268 abjeceruntque
632 1205 682 1252 in
704 1206 970 1255 Gemonias.
1038 1206 1197 1255 Crevit
1217 1207 1363 1270 igitur
1382 1206 1574 1269 invidia,

246 1270 382 1333 quasi
395 1271 536 1317 etiam
551 1278 658 1332 post
666 1280 863 1318 mortem
874 1271 1061 1335 tyranni
1076 1272 1255 1321 saevitia
1268 1281 1576 1334 permanente.

245 1337 431 1397 Corpus
459 1342 513 1381 ut
532 1336 706 1383 moveri
727 1350 757 1382 a
776 1335 965 1385 Miseno
996 1337 1149 1399 coepit,
1182 1336 1577 1385 conclamantibus

245 1399 494 1462 plerisque,
522 1401 557 1426 “
577 1399 788 1447 Atellam
807 1402 964 1462 potius
980 1400 1293 1463 deferendum,
1319 1409 1366 1448 et
1394 1401 1445 1448 in
1477 1417 1579 1450 am-

244 1462 510 1526 phitheatro
550 1464 1023 1525 semiustulandunu”
1057 1465 1263 1514 Romam
1289 1481 1371 1528 per
1408 1466 1578 1514 milites

244 1528 539 1591 deportatum
554 1537 638 1591 est,
661 1537 1006 1593 crematumque
1019 1531 1210 1594 publico
1228 1530 1400 1580 funere.

312 1592 452 1656 (76.)
484 1593 838 1641 Testamentum
857 1594 1035 1657 duplex
1061 1604 1167 1661 ante
1197 1596 1438 1644 biennium
1458 1592 1578 1645 fece-

243 1666 346 1715 rat3
386 1657 584 1705 alterum
604 1658 707 1718 sua,
730 1655 926 1708 alterum
952 1660 1109 1708 liberti
1131 1673 1291 1722 manu,
1317 1659 1398 1709 sed
1417 1661 1579 1709 eodem

246 1722 464 1784 exemplo
475 1739 491 1779 ς
515 1723 933 1787 obsignaveratque'
941 1726 1084 1773 etiam
1097 1723 1470 1773 humillimorum
1483 1727 1580 1788 sig-

242 1787 336 1834 nis.
377 1786 454 1833 Eo
475 1793 747 1835 testamento
767 1788 968 1837 haeredes
989 1790 1137 1852 aequis
1148 1790 1359 1852 partibus
1373 1788 1576 1852 reliquit,

248 1851 421 1900 Caium
444 1866 504 1898 ex
535 1852 828 1913 Germanico,
863 1861 909 1900 et
937 1853 1185 1900 Tiberium
1213 1868 1272 1900 ex
1301 1851 1475 1914 Druso,
1499 1868 1579 1899 ne-

245 1924 378 1978 potes
396 1932 412 1972 3
433 1916 786 1978 ‘substituitque
804 1918 1019 1964 invicem.
1073 1915 1220 1964 Dedit
1240 1924 1287 1964 et
1305 1917 1461 1978 legata
1480 1917 1580 1978 ple·
1619 1969 1626 1972 ,

247 1981 434 2042 risquet
474 1980 592 2027 inter
629 1995 747 2043 quos
782 1982 1042 2044 virginibus
1078 1979 1365 2040 Vestalibus,
1412 1980 1493 2027 sed
1536 1977 1583 2027 et

246 2044 481 2092 militibus
496 2045 737 2105 universis,
752 2046 971 2109 plebique
993 2045 1220 2093 Romanae
1235 2044 1425 2107 viritim,
1439 2052 1579 2108 atque

249 2101 393 2156 etiam
415 2108 663 2173 separatim
683 2110 890 2159 vicorum
909 2109 1158 2173 magistris.

1241 2748 1336 2793 ΝΒ
