1950 3100
522 166 691 234 (111.)
756 169 1108 220 Tmnmus.
1174 169 1254 224 72.
1467 168 1559 215 135

215 295 442 345 solitoe?'’
476 297 558 359 Et,
583 314 680 374 quo
702 299 909 361 primum
937 298 1030 360 die,
1054 306 1161 362 post
1180 309 1424 346 excessum
1444 296 1555 343 Au-

212 361 360 423 gusti,
394 363 572 410 curiam
601 364 818 421 mnavitg
853 364 992 426 quasi
1016 364 1183 426 pietati
1210 360 1356 409 simul
1374 375 1431 409 ac
1450 359 1560 407 reli-

216 425 349 486 gioni
369 425 707 488 satisfacturus,
740 427 925 476 Minois
942 425 1176 489 exemplo,
1210 427 1347 474 thure
1368 423 1560 488 quidem

213 490 442 603 glamvino,
469 506 686 604 Q
679 494 779 541 sine
820 493 1026 553 tibicine,
1060 490 1357 554 supplicavit,
1390 497 1447 538 ut
1476 488 1560 537 ille

346 568 398 600 m
419 570 470 601 m
1057 568 1062 572 ·

317 616 422 694 71.)
454 620 671 669 Sermone
693 621 874 682 Graeco,
899 630 1190 684 quamquam
1210 619 1325 668 alias
1347 625 1560 681 promtus

212 688 262 728 et
302 681 450 743 acilas,
483 697 578 732 non
600 693 754 732 tamen
775 700 1114 749 usquequaque
1135 692 1252 733 usus
1277 692 1378 741 αις
1413 683 1560 731 absti-

216 745 417 808 nuitque
447 749 654 796 maxime
684 751 734 796 in
759 758 938 811 senatu,
974 750 1090 797 adeo
1111 749 1319 811 quidem,
1352 755 1424 807 ut,
1458 759 1557 794 mo-

216 812 454 872 nopolium
495 814 833 875 nominaturus,
879 815 1011 876 prius
1067 813 1250 861 veniam
1294 811 1557 874 postularit,

215 873 345 935 quod
376 875 467 923 sibi
497 878 637 925 verbo
672 878 909 941 peregrino
940 877 1169 925 utendum
1198 885 1331 924 esset.
1395 876 1559 937 Atque

215 938 379 998 etiam,
411 940 463 986 in
494 941 700 1003 quodam
729 942 907 989 decreto
936 942 1152 1000 Patr-um,
1185 954 1294 989 cum
1325 937 1559 999 Εμβλημα

215 1003 496 1065 necitaretur,
531 1006 909 1054 commutandam
943 1007 1124 1053 censuit
1164 1018 1342 1063 νοοεω,
1375 1011 1438 1063 et,
1471 1016 1557 1065 pro

215 1068 471 1129 peregrina,
505 1079 755 1118 nostratem
784 1069 1125 1133 requirendam,
1160 1077 1261 1129 aut,
1292 1068 1334 1115 si
1360 1080 1455 1114 non
1487 1078 1558 1114 re.

217 1132 457 1193 periretur,
492 1134 566 1181 vel
585 1134 817 1197 pluribus,
851 1143 899 1182 et
923 1149 1007 1197 per
1033 1132 1268 1181 ambitum
1295 1132 1555 1191 verborum,

215 1209 314 1241 rem
346 1198 690 1246 enuntiandam.
759 1198 968 1246 Militem
1006 1211 1193 1261 quoque
1238 1197 1399 1245 (3oeaeoe
1428 1196 1558 1243 testi-

213 1261 427 1307 monium
444 1261 790 1326 interrogatum,
803 1264 893 1311 nisi
903 1263 1091 1323 Latine,
1109 1260 1380 1324 respondere
1391 1260 1553 1308 vetuit.

283 1323 303 1387 (
315 1323 419 1387 72.)
451 1324 540 1375 Bis
550 1329 740 1375 omnino
756 1335 854 1375 toto
874 1329 1077 1375 secessus
1097 1335 1316 1389 tempore,
1349 1325 1558 1375 Romam

210 1387 364 1435 redire
393 1399 600 1452 conatus,
646 1392 789 1439 semel
825 1393 1000 1439 triremi
1036 1405 1186 1454 usque
1219 1391 1281 1438 ad
1317 1391 1557 1452 proximos

216 1451 526 1502 Naumachiae
547 1455 705 1504 hortos
725 1457 975 1504 subvectus
1005 1464 1089 1517 est,
1114 1454 1340 1518 disposita
1361 1455 1557 1502 statione

215 1530 300 1578 per
317 1517 444 1581 ripas
467 1518 668 1583 TiberiS,
703 1535 812 1585 quae
843 1522 1035 1569 obviam
1063 1520 1338 1585 prodeuntes
1363 1521 1557 1568 submo-

219 1589 374 1640 veret3
409 1584 578 1633 iterum
594 1585 759 1650 Appia
779 1600 928 1649 usque
949 1587 1012 1634 ad
1042 1587 1295 1649 septimum
1316 1584 1553 1648 lapidem3

214 1645 312 1706 ted,
353 1651 604 1713 prospectis
632 1650 788 1711 modo,
822 1665 905 1699 nec
941 1651 1083 1699 aditis
1117 1651 1264 1699 Urbis
1304 1650 1554 1709 moenibus,

215 1710 380 1770 mdiit3
423 1714 593 1775 primo,
638 1714 881 1774 incertum,
915 1715 1014 1778 qua
1057 1714 1116 1762 de
1160 1714 1333 1771 causiu
1377 1721 1554 1776 postca,

215 1783 396 1823 ostento
417 1777 616 1827 territus.
684 1779 803 1827 Erat
834 1779 878 1827 ei
914 1780 966 1826 in
995 1778 1343 1828 oblectamentis
1373 1791 1557 1839 serpens

212 1838 368 1902 draco,
404 1856 546 1904 quem
572 1858 631 1892 ex
667 1843 999 1892 consuetudine
1018 1857 1163 1890 manu
1190 1843 1278 1891 sua
1302 1842 1560 1899 cibaturus,

214 1918 323 1951 cum
347 1915 644 1955 consumtum
664 1924 695 1955 a
714 1908 918 1956 formicis
945 1906 1210 1967 invenisset,
1241 1905 1448 1952 monitus
1469 1911 1557 1964 est,

212 1976 271 2015 nt
292 1969 390 2016 vim
414 1970 731 2021 multitudinis
751 1979 941 2021 caveret.
1011 1970 1216 2018 Rediens
1237 1983 1346 2031 ergo
1368 1982 1560 2030 propere

214 2032 546 2096 Campaniam,
586 2036 778 2086 Asturae
819 2038 871 2084 in
919 2036 1192 2102 languorem
1227 2032 1426 2091 incidit3
1462 2045 1559 2094 quo

216 2097 418 2159 paulum
438 2098 636 2163 levatus,
660 2101 862 2149 Circeios
885 2098 1127 2164 pertendit.
1192 2098 1286 2158 Ac,
1316 2111 1376 2143 ne
1410 2110 1555 2159 quam

211 2163 526 2274 Zugffidonem
547 2165 988 2278 intiffiaugadmt,
1001 2162 1305 2274 castregsibus
1324 2160 1558 2287 lu‘lissffi

349 2242 403 2274 m
424 2229 611 2276 interfui
765 2246 791 2278 e
859 2242 1117 2277 mmlssum
1190 2240 1376 2274 arenam

208 2291 386 2352 jaculis
423 2239 816 2357 desupert'petiitg
850 2294 1106 2355 statimque
1142 2291 1284 2339 latere
1318 2288 1558 2349 convulso,

211 2363 274 2415 et,
301 2363 357 2402 ut
377 2358 669 2419 exaestuarat,
703 2357 891 2407 afflatus
907 2357 1036 2418 aura,
1060 2357 1111 2404 in
1128 2355 1382 2419 graviorem
1398 2353 1562 2400 recidit

211 2420 448 2468 morbum.
514 2422 803 2471 Sustentavit
818 2431 974 2471 tamen
996 2420 1305 2484 aliquamdiu,
1324 2417 1557 2481 quamvis,

212 2482 459 2532 Misenum
481 2500 632 2550 usque
646 2487 879 2549 devectus,
898 2487 1091 2534 nihilex
1105 2484 1264 2534 ordine
1286 2482 1562 2546 quotidiano

208 2549 590 2612 pretermitteret,
613 2567 672 2599 ne
681 2553 893 2600 convivia
905 2551 1099 2627 quidem
1111 2565 1166 2597 ac
1191 2556 1377 2626 caeteras
1392 2548 1560 2625 volup-

198 2620 341 2724 ἓξ
465 2624 856 2742 ‘Qmmmeeffiw
864 2617 1012 2743 ἔξω,
1024 2612 1557 2729 οοιιιῐηὲἑῗιᾚυῖΐιαιῗιοτῖιιξ..
