1950 3100
567 140 731 208 (111.)
796 143 1141 194 TIBERIUS.
1206 144 1283 193 44.
1504 146 1597 195 12}

251 269 308 318 in
329 270 556 333 convivio,
579 272 852 336 propinante
871 288 937 334 se,
961 273 1060 321 vini
1079 271 1366 335 amphoram.
1410 272 1603 322 Asellio

251 335 437 384 Sabino
456 337 660 385 sestertia
680 337 880 385 ducenta
898 336 1089 385 donavit
1108 352 1194 400 pro
1214 337 1416 399 dialogo,
1433 336 1484 384 in
1497 352 1600 400 quo

247 399 412 460 boleti,
434 408 482 447 et
502 401 727 462 fieedulae,
750 409 797 448 et
818 409 994 461 osu-em,
1025 410 1072 449 et
1099 401 1240 462 turdi,
1264 410 1492 449 certamen
1513 403 1596 449 ina

248 462 465 511 duxerat.
526 465 727 513 Novum
747 463 948 526 denique
967 464 1175 512 officium
1196 465 1414 526 instiurit,
1448 480 1478 512 a
1509 481 1589 514 vo-

247 526 530 603 luptatibus,
560 528 806 590 preposito
835 528 990 590 equite
1021 528 1254 590 Romano,
1289 528 1351 575 T.
1376 529 1596 578 Caesonio

316 652 457 730 (43.)
489 655 682 704 Seoessu
704 670 810 704 vero
832 654 1082 717 Capreensi
1100 657 1240 704 etiam
1258 656 1489 705 senariam
1503 673 1590 705 ex-

247 719 489 780 cogitavit,
532 719 689 768 sedem
732 734 1004 768 arcanarum
1040 720 1321 778 libidinum3
1360 722 1411 768 in
1442 737 1587 784 quam

245 782 459 846 undique
481 784 730 847 conquisiti
750 783 1014 845 puellarum
1033 792 1080 831 et
1099 785 1387 832 exoletorum
1408 801 1583 848 greges,

246 848 589 911 monstrosique
626 848 898 897 concubitus
937 855 1185 910 repertores
1224 848 1365 913 (quos
1401 852 1436 878 “
1459 850 1588 912 spin-

246 911 401 959 trias”
423 910 729 976 appellabat),
747 911 918 974 triplici
933 913 1048 959 serie
1067 913 1281 971 connexi,
1295 912 1494 960 invicem
1513 915 1585 960 in.

244 974 1587 1101 dwiwzrmmsszzzsffiffifffflffiffi

244 1103 434 1152 tabellis
476 1119 533 1152 ac
564 1104 733 1167 sigillis
761 1103 1175 1154 lascivissimarum
1219 1103 1506 1166 picturarum
1541 1113 1618 1161 et,

246 1166 506 1229 figurarum
558 1168 814 1230 adornavit,
870 1167 939 1215 lib
965 1167 975 1177 '
1036 1182 1093 1215 ue
1134 1167 1460 1230 Elephantidis
1511 1169 1587 1215 in-

246 1233 437 1293 struxit,
458 1247 519 1280 ne
536 1234 630 1294 cui,
655 1233 705 1280 in
724 1231 865 1295 opera
885 1183 1078 1292 θᾱὲιῗὲὂ,
1093 1231 1331 1294 exemplar
1350 1232 1587 1295 imperatae

246 1294 447 1345 sehemae
478 1296 666 1347 doesset.
732 1298 793 1345 In
830 1296 962 1345 silvis
1000 1311 1189 1359 quoque
1226 1311 1281 1343 ac
1316 1297 1584 1345 nemoribus

244 1361 426 1427 passim
445 1360 676 1411 venereos
694 1362 821 1410 loeos
832 1369 1121 1409 oommeutus
1135 1370 1220 1422 est,
1235 1368 1585 1424 prostantesque

243 1438 333 1536 ger
351 1433 484 1474 ann-a
502 1434 550 1474 et
579 1441 717 1475 cavas
744 1439 899 1488 rupes,
925 1440 986 1472 ex
1014 1426 1259 1488 utriusque
1279 1426 1418 1474 sexus
1439 1428 1583 1489 pube,

291 1489 553 1538 aniseorum
573 1498 621 1538 et
640 1489 973 1555 Nympharum
994 1489 1188 1538 habitu=
1213 1489 1462 1553 palamque
1479 1493 1582 1555 jam

244 1562 300 1665 :ebt
329 1554 470 1618 vulgo
500 1555 687 1605 nomine
716 1554 882 1604 insula
911 1556 1166 1617 abutentes,
1203 1557 1239 1584 ‘⁶
1261 1556 1579 1619 Caprineum”

313 1681 453 1748 (44.)
485 1684 671 1746 Maiore
686 1681 841 1732 adhue
852 1692 899 1731 et
918 1683 1119 1748 turpiore
1139 1683 1334 1733 infamia
1349 1682 1580 1747 flagravit,

243 1746 334 1795 vix
353 1756 410 1795 ut
434 1748 593 1798 referri
612 1747 834 1808 audirive,
857 1748 1031 1797 nedum
1051 1748 1191 1810 credi,
1213 1749 1287 1796 fas
1319 1748 1409 1806 sit3
1446 1750 1583 1811 quasi

244 1826 415 1875 pueros
440 1812 606 1875 primae
624 1812 942 1860 teneritudinis
971 1811 1113 1877 (quos
1137 1814 1174 1841 ‘⁶
1194 1812 1476 1875 piscieu10s”
1502 1827 1584 1860 vo-

240 1874 406 1941 eabat)
436 1877 709 1937 institueret,
742 1884 798 1924 ut
826 1878 1007 1925 natanti
1038 1877 1129 1924 sibi
1150 1877 1268 1923 inter
1286 1875 1462 1923 femina
1483 1887 1581 1922 ver-

243 1948 471 2002 sarentur,
495 1957 550 1989 ac
568 1940 793 2001 luderent,
826 1940 995 2003 lingua
1025 1953 1274 2001 morsuque
1305 1940 1475 1986 sensim
1496 1953 1582 2000 ap.

242 2011 483 2068 peoentesg
534 2013 675 2067 atque
716 2005 877 2065 etiam,
922 2003 1060 2067 quasi
1100 2003 1299 2050 infantes
1342 2003 1579 2064 firmiores,

241 2069 446 2117 necdum
466 2077 622 2117 tamen
649 2068 768 2116 lacte
786 2068 1021 2133 depulsos,
1050 2067 1249 2129 inguini,
1272 2081 1356 2114 eeu
1375 2066 1580 2129 papillae,

242 2133 540 2191 admoveretg
574 2134 760 2197 pronior
795 2147 905 2181 sane
940 2133 1003 2180 ad
1034 2129 1085 2178 id
1117 2145 1263 2193 genus
1291 2129 1501 2178 libidinis
1534 2140 1584 2178 et

241 2198 414 2246 namra
432 2206 480 2245 et
501 2206 647 2246 aetate.
712 2197 873 2256 Quare
889 2195 1125 2244 Parrhasii
1140 2210 1330 2258 quoque
1349 2194 1577 2256 tabulam,

239 2261 295 2309 in
315 2262 414 2324 qua
433 2261 676 2324 Meleagro
693 2262 923 2310 Atalanta
942 2276 1021 2308 ore
1038 2260 1356 2324 morigeratur,
1378 2258 1581 2321 legatam

241 2326 336 2374 sibi
356 2328 446 2374 sub
469 2327 745 2387 conditione,
779 2334 851 2386 ut,
885 2324 927 2374 si
957 2332 1229 2387 argumento
1261 2322 1577 2384 offenderetur,

239 2387 394 2438 decies
423 2405 510 2453 pro
541 2391 598 2439 ea
629 2391 887 2439 sestertium
920 2390 1158 2452 acciperet,
1186 2402 1280 2436 non
1300 2387 1441 2435 modo
1462 2401 1581 2449 prae-

240 2454 369 2515 tulit,
392 2455 474 2504 sed
494 2464 542 2503 et
562 2455 613 2502 in
625 2454 844 2503 cubiculo
859 2454 1104 2502 dedicavit.
1169 2452 1335 2500 Fertur
1354 2453 1512 2511 etiam,
1530 2450 1590 2498 in.

239 2518 542 2567 sacrifieando
562 2518 816 2582 quondam,
833 2527 1000 2581 captus
1020 2518 1137 2566 facie
1157 2516 1358 2565 ministri
1377 2530 1579 2563 acerram

237 2583 539 2645 praeferenfis,
562 2584 779 2647 nequisse
801 2585 1042 2642 abstinere,
1069 2583 1204 2659 quin,
1225 2595 1358 2644 paene
1380 2580 1578 2628 vixdum

236 2659 287 2693 re
325 2646 488 2696 divina
528 2648 731 2712 peracta,
777 2647 950 2696 ibidem
995 2655 1153 2696 statim
1192 2645 1445 2694 seductum·
1472 2660 1580 2700 eon-

1337 2724 1382 2758 st
