1950 3100
636 159 788 227 (vl.)
851 159 1065 209 NERO.
1133 157 1206 207 ιε.
1488 153 1584 215 207

244 292 369 349 tuit3
410 291 678 354 improbans
711 289 982 351 exemplum
1017 297 1151 336 vetus
1183 286 1371 336 Caninii
1407 281 1584 347 Rebili,

246 371 341 405 uno
378 356 454 403 die
497 356 713 403 consulis.
761 353 1089 416 Triumphalia
1124 358 1406 410 ornamenta,
1446 352 1587 398 etiam

249 421 509 483 questoriae
528 419 785 483 dignitatis,
808 426 855 464 et
874 417 1111 464 nonnullis
1130 431 1190 464 ex
1211 415 1409 478 equestri
1430 414 1589 462 ordine

247 486 429 544 tribuit,
447 499 531 531 nec
545 485 710 546 utique
730 483 788 529 de
807 482 947 529 causa
961 481 1166 528 militari.
1216 480 1293 527 De
1304 479 1588 542 quibusdam

248 550 386 596 rebus
406 549 632 596 orationes
662 548 723 595 ad
742 554 953 593 senatum
984 547 1167 604 missas,
1200 545 1429 607 praeterito
1462 559 1589 606 quae-

248 613 386 661 stoi-is
406 611 574 672 officio,
595 626 678 674 per
697 610 932 659 consulem
953 610 1228 671 plerumque
1247 609 1482 655 recitabat.

311 675 332 738 (
352 674 452 740 16.)
484 676 705 723 Formam
726 674 1026 723 edificiorum
1047 674 1191 721 Urbis
1211 687 1381 724 novam
1402 672 1588 735 excogi-

249 741 383 799 tavit,
406 748 453 787 et
468 748 524 787 ut
543 749 649 787 ante
668 739 844 786 insulas
864 754 918 786 ac
938 739 1101 786 domos
1119 738 1324 799 porticus
1344 744 1510 796 essent,
1534 736 1592 783 de

250 819 453 866 quarum
474 804 651 853 solariis
681 803 893 851 incendia
920 811 1203 850 arcerentur:
1239 816 1409 863 easque
1429 808 1589 847 sumtu

249 883 339 915 suo
359 870 604 916 exstmxit.
656 868 926 915 Destiniirat
945 867 1086 913 etiam
1107 865 1248 914 Ostia
1268 874 1402 912 tenus
1422 865 1593 911 moenia

249 928 1591 1050 wffi‘qsffismmgmmmfflgmss

250 1061 363 1120 cita,
385 1074 471 1108 nec
491 1063 647 1109 minus
667 1062 895 1108 instituta.
949 1058 1211 1106 Adhibitus
1238 1057 1472 1104 sumtibus
1492 1070 1593 1102 mo-

252 1124 346 1172 dus
360 1142 375 1172 z
409 1126 610 1187 publicae
631 1140 769 1174 coenoe
789 1124 850 1171 ad
870 1123 1100 1186 sportulas
1120 1121 1342 1168 redactae=
1378 1119 1592 1166 interdic·

252 1196 377 1249 tum,
400 1203 458 1236 ne
478 1190 594 1252 quid
624 1191 675 1237 in
702 1190 890 1252 popinis
918 1188 1053 1246 cocti,
1075 1194 1238 1248 praeter
1256 1184 1494 1246 legumina
1514 1192 1597 1230 aut

253 1252 395 1314 olem,
420 1256 607 1314 veniret,
630 1269 738 1302 cum
759 1261 895 1300 antea
915 1252 1100 1299 nullum
1124 1265 1218 1297 non
1238 1249 1420 1312 opsonii
1448 1261 1596 1310 genus

402 1325 605 1366 ner-emt:
652 1317 814 1366 afflicti
854 1316 1099 1380 suppliciis
1135 1314 1403 1374 Christiani,
1450 1327 1596 1374 genus

287 1383 502 1429 ominum
539 1382 875 1444 superstitionis
911 1396 1045 1429 novae
1083 1395 1138 1427 ac
1172 1378 1421 1426 maleficaez
1465 1377 1597 1424 vetiti

253 1445 656 1508 quadrigariorum
696 1447 847 1506 lusus,
886 1446 1076 1510 quibus,
1114 1443 1367 1504 inveterata
1405 1440 1596 1489 licentia

253 1510 434 1573 passim
455 1512 746 1575 vagantibus,
768 1509 925 1559 fallere
956 1526 1012 1559 ac
1042 1510 1186 1557 furari
1216 1523 1299 1572 per
1325 1510 1486 1571 jocum
1514 1508 1594 1568 jus

251 1582 381 1702 git
416 1577 810 1638 pantomimorum
839 1575 1060 1624 factiones
1090 1589 1198 1623 cum
1228 1573 1342 1637 ipsis
1363 1572 1506 1620 simul
1525 1586 1596 1618 re-

326 1702 347 1767 (
367 1705 466 1762 17.)
495 1704 735 1752 Adversus
757 1703 965 1751 falsarios
986 1711 1097 1750 tunc
1121 1702 1328 1765 primum
1347 1708 1594 1763 repertum,

255 1782 319 1814 ne
349 1767 539 1827 tabula,
572 1769 665 1816 nisi
693 1776 909 1831 pertusae,
942 1781 998 1814 ac
1030 1774 1100 1812 ter
1129 1765 1227 1812 lino
1260 1780 1343 1826 per
1372 1763 1600 1810 foramina

256 1834 467 1893 trajecto,
489 1834 853 1895 obsignat-entur.
907 1832 1131 1889 Cautum,
1153 1836 1208 1874 ut
1235 1830 1286 1875 in
1315 1827 1598 1874 testamentis

256 1896 425 1959 primm
443 1896 550 1944 duae
565 1911 693 1957 cerae,
710 1905 982 1944 testatorum
1000 1893 1142 1941 modo
1161 1892 1348 1938 nomine
1362 1891 1598 1952 inscripto,

259 1974 422 2008 vacue
454 1962 704 2023 signaturis
735 1961 1104 2014 ostenderentur3
1146 1971 1201 2003 ac
1230 1971 1288 2002 ne
1319 1956 1429 2017 quis
1462 1954 1601 2001 ali-i
1664 1953 1669 1958 ’

258 2025 525 2071 testamenti
537 2026 731 2087 scriptor
740 2025 949 2087 legatum
968 2022 1061 2070 sibi
1081 2021 1381 2076 adscriberet3
1405 2019 1534 2077 item,
1548 2026 1604 2065 ut

257 2089 531 2150 litigatores,
553 2103 639 2150 pro
658 2089 938 2152 patrociniis,
960 2094 1130 2134 certam
1145 2087 1416 2146 justamque
1431 2097 1602 2129 merce-

260 2153 389 2213 dem,
407 2167 493 2215 pro
508 2153 740 2201 subselliis
751 2153 931 2200 nullam
943 2151 1149 2209 omnino,
1162 2149 1324 2196 darent
1337 2165 1352 2204 ς
1372 2147 1602 2209 praebente

261 2214 1270 2345 ”nufmwffisssspfflffissoefflmmsfflss
1277 2212 1434 2322 {²¹32
1447 2225 1606 2323 3355,

262 2345 597 2408 appellationes
617 2362 647 2394 a
664 2347 903 2409 judicibus
923 2344 985 2391 ad
1005 2351 1218 2391 senatum
1238 2311 1412 2387 fierent.

333 2411 350 2469 (
374 2409 474 2474 18.)
525 2411 753 2473 Augendi
802 2406 1184 2472 propagandique
1228 2404 1413 2467 imperii
1454 2418 1605 2465 neque

263 2473 504 2523 voluntate
524 2474 626 2523 ulla
652 2489 803 2539 neque
835 2489 916 2537 spe
942 2481 1100 2519 motus
1128 2484 1355 2532 unquam,
1379 2467 1520 2515 etiam
1545 2483 1604 2515 ex

262 2537 516 2588 Britannia
547 2538 769 2588 deducere
801 2538 1055 2587 exereitum
1090 2535 1340 2597 cogitavit3
1378 2546 1477 2591 nec,
1514 2532 1606 2580 nisi

263 2603 557 2664 verecundii,
580 2619 639 2652 ne
666 2606 916 2652 obtrectare
943 2601 1145 2664 parentis
1171 2599 1330 2661 gloriae
1358 2596 1606 2657 videretur,

262 2667 460 2715 destitit.
515 2669 657 2717 Ponti
670 2669 811 2718 modo
821 2681 1034 2731 regnum,
1048 2663 1319 2714 eoncedente
1336 2662 1604 2722 Polemone,
