1950 3100
554 138 690 204 (Π.)
753 138 1134 199 AUGUSTUS.
1199 139 1277 188 45⁸0
1479 128 1584 199 ²67

256 290 265 299 -
306 264 448 332 (44.)
477 267 725 329 Spectandi
755 269 1132 319 confusissimum
1160 282 1215 318 ac
1240 269 1583 317 solutissimum

241 345 417 380 morem
430 333 626 378 correxit
635 332 972 396 ordinavitque,
985 341 1141 381 monis
1155 333 1327 395 iniuria
1341 334 1584 394 senatoris,

239 409 382 458 quem
405 395 630 455 Puteolis,
653 411 735 458 per
756 397 1068 445 celeberrimos
1086 396 1239 458 ludos,
1261 410 1474 445 consessu
1489 397 1579 444 fre-

239 460 418 522 quenti,
443 473 578 507 nemo
592 470 832 522 receperat.
867 462 1011 510 Facto
1024 461 1168 523 igitur
1182 461 1360 509 decreto
1373 470 1582 524 patrum,

238 532 310 583 ut,
337 524 517 585 quoties
533 524 649 586 quid
670 526 918 587 spectaculi
932 539 1136 590 usquam
1155 526 1340 588 publice
1354 526 1575 585 ederetur,

237 590 420 650 primus
432 588 756 636 subselliorum
768 590 880 637 ordo
892 599 1072 638 vacaret
1082 591 1366 638 senatoribus
1376 606 1392 646 ς
1413 589 1579 637 Roma

238 651 417 714 legatos
435 651 683 699 liberarum
705 655 1022 717 sociarumque
1042 655 1251 717 gentium
1267 654 1414 701 vetuit
1434 654 1486 699 in
1506 668 1580 699 ora

242 715 1577 780 chesuaconsiderqcumquosdametiamlibertinige-

241 780 366 829 neris
378 780 503 826 mitti
515 779 894 842 deprehendisset.
920 782 1129 830 Militem
1144 782 1334 829 secrevit
1346 796 1375 828 a
1386 780 1576 843 populo.
1637 826 1642 831 .

240 842 433 891 Maritis
454 859 480 890 e
497 844 632 905 plebe
646 847 853 907 proprios
869 846 1051 894 ordines
1072 846 1356 907 assignavit;
1378 854 1576 907 pretex-

238 909 351 955 tatis
364 922 560 955 cuneum
573 924 727 969 suum,
742 918 789 957 et
798 910 1067 973 proximum
1306 911 1318 921 “
1358 927 1372 956 =
1400 910 1577 955 sanxit-

237 987 348 1034 que,
366 986 423 1019 ne
436 973 541 1034 quis
551 973 835 1034 pullatorum
846 973 1001 1021 media
1012 974 1151 1021 cavea
1242 980 1347 1019 eret.
1372 972 1578 1020 Feminis

237 1034 1576 1164 ffifflffissffiffiffissaissemifffflfflffi

238 1165 390 1224 cessit,
414 1165 537 1212 solis.
571 1164 848 1229 Virginibus
859 1166 1131 1214 Vestalibus
1151 1165 1308 1212 locum
1329 1164 1380 1210 in
1401 1162 1578 1211 theatro

238 1230 504 1290 separatim,
526 1238 573 1276 et
592 1238 749 1277 contra
767 1232 974 1292 praetoris
996 1229 1214 1290 tribunal,
1231 1229 1373 1277 dedit.
1406 1227 1576 1276 Athle-

237 1300 394 1341 tarum
406 1308 511 1341 vero
522 1295 782 1356 spectaculo
791 1295 1016 1342 muliebre
1028 1310 1157 1343 secus
1168 1308 1327 1342 omnes
1338 1292 1453 1340 adeo
1466 1293 1576 1339 sub-

235 1358 402 1417 movit,
421 1366 489 1417 ut,
512 1358 853 1419 pontificalibus
874 1358 1016 1419 ludis,
1039 1358 1255 1421 pugilum
1271 1373 1357 1421 par
1369 1356 1577 1419 posmlm

234 1430 341 1469 tum
364 1421 593 1469 distulerit
615 1424 666 1468 in
691 1424 924 1485 sequentis
948 1423 1041 1470 diei
1065 1423 1349 1470 matutinum
1373 1430 1575 1483 tempus,

233 1486 539 1549 edixeritque,
566 1488 600 1515 “
615 1487 840 1534 Mulieres
865 1496 971 1535 ante
995 1488 1158 1536 horam
1184 1488 1397 1552 quintam
1424 1486 1576 1533 venire

231 1551 286 1599 in
307 1551 555 1612 theatrum,
579 1566 673 1598 non
691 1552 919 1614 placere-'⁹
1567 1565 1572 1572 ’

241 1643 248 1651 -
300 1614 322 1678 (
336 1614 440 1679 45.)
465 1615 574 1678 Ipse
587 1616 820 1664 Circenses
836 1632 894 1663 ex
910 1618 1164 1665 amicorum
1177 1617 1270 1664 fere
1283 1616 1574 1663 libertorum-

234 1694 330 1742 que
364 1679 608 1727 coenaculis
641 1682 893 1742 spectabat,
930 1681 1162 1728 interdum
1192 1696 1219 1728 e
1248 1680 1498 1743 pulvinari,
1525 1688 1575 1726 et

232 1743 429 1806 quidem
458 1759 567 1791 cum
596 1746 792 1806 conjuge
820 1760 875 1793 ac
893 1745 1051 1793 liberis
1073 1745 1247 1794 sedens.
1303 1743 1575 1806 Spectaculo

231 1808 463 1870 plurimas
483 1807 634 1867 horas,
659 1808 910 1871 aliquando
936 1817 1057 1858 totos
1084 1810 1199 1870 dies,
1229 1810 1401 1868 aberat,
1429 1807 1574 1869 petits

232 1872 388 1933 venia,
406 1872 844 1936 commendatisque,
862 1875 947 1937 qui
968 1890 1104 1922 suam
1120 1875 1267 1921 vicem
1288 1870 1575 1934 praesidendo

231 1935 545 1999 fungerentur.
581 1937 774 1998 Verum,
799 1940 979 2001 quoties
1002 1938 1194 1998 adesset,
1217 1935 1337 1983 nihil
1357 1942 1575 1997 praeterea

231 2002 433 2062 agebat3
459 2016 538 2048 seu
562 2001 739 2048 vitandi
757 2003 954 2050 rumoris
975 2002 1131 2061 causa,
1155 2015 1250 2064 quo
1270 2007 1448 2061 patrem
1471 1998 1575 2045 Caea

228 2079 381 2113 sarem
398 2065 540 2128 vulgo
554 2064 875 2129 reprehensum
891 2066 1295 2122 commemorabat,
1307 2061 1449 2125 quod,
1460 2062 1579 2109 inter

228 2129 554 2190 spectandum,
565 2130 770 2192 epistolis
781 2130 1045 2193 libellisque
1055 2128 1261 2191 legendis
1269 2141 1323 2174 ac
1330 2126 1578 2175 mseriben-

231 2192 310 2240 dis
332 2203 542 2252 vacaretg
579 2210 659 2242 seu
685 2195 839 2243 studio
867 2194 1104 2257 spectandi
1127 2209 1181 2240 ac
1202 2189 1456 2253 voluptate,
1481 2189 1577 2252 qufl.

230 2255 378 2305 teneri
409 2273 458 2305 se
489 2273 639 2321 neque
668 2258 977 2308 dissimulavit
1007 2273 1235 2320 unquam,
1275 2264 1321 2302 et
1350 2269 1472 2318 saepe
1502 2254 1575 2301 in-

228 2335 383 2383 genue
420 2323 652 2384 professus
678 2333 760 2371 est.
827 2324 997 2385 Itaque
1027 2322 1264 2371 corollaria
1291 2329 1339 2367 et
1367 2318 1573 2382 premia,

283 2385 295 2397 ’
359 2386 371 2397 ’
446 2402 633 2450 quoque
670 2388 942 2436 muneribus
988 2402 1043 2435 ac
1077 2386 1218 2447 ludis,
1255 2391 1304 2432 et
1340 2384 1495 2431 crebra
1531 2391 1578 2430 et

230 2450 447 2524 grandia,
470 2451 529 2499 de
548 2467 635 2501 suo
653 2451 872 2500 offerebat
884 2470 899 2501 z
935 2451 1146 2513 nullique
1162 2451 1326 2498 Graeco
1340 2446 1578 2497 certamini

230 2515 459 2575 interfuit,
484 2531 581 2580 quo
599 2532 710 2578 non,
743 2531 828 2579 pro
845 2517 1011 2564 merito
1030 2514 1318 2573 certantium,
1342 2526 1576 2577 quemque

232 2577 495 2629 honorarit·
533 2581 770 2655 spectavit
788 2590 945 2629 autem
965 2578 1297 2628 studiosissime
1315 2577 1512 2641 pugiles,
1530 2585 1578 2624 et

232 2644 446 2696 maxime
483 2644 709 2706 Iamno„
753 2661 848 2702 non
883 2644 1117 2709 legitimos
1152 2653 1292 2709 atque
1328 2642 1579 2693 ordinarios
