1950 3100
572 155 738 223 (111.)
801 159 1153 210 TIBERIUS.
1220 159 1298 208 53.
1518 162 1612 211 125

60 230 67 349 J
259 281 420 331 fuisse.
489 283 617 334 Toto
643 288 835 351 quidem
866 289 1080 352 triennio,
1102 303 1214 354 quo,
1239 288 1422 338 vivente
1441 297 1603 353 mane,

258 346 431 409 abfiut,
455 350 599 398 semel
630 355 823 401 omnino
851 369 973 415 eam,
997 369 1081 404 nec
1111 352 1317 416 amplius
1337 367 1485 416 quam
1505 369 1603 403 uno

256 411 352 471 die,
376 427 432 461 ac
450 416 747 476 paucissimis
769 418 889 466 vidit
907 418 1062 468 horisx
1097 434 1152 467 ac
1171 432 1285 465 mox
1300 432 1450 481 neque
1466 433 1601 481 aegrae

259 476 419 525 adesse
431 481 643 539 curavit;
669 482 1045 546 defunctamque,
1064 491 1126 544 et,
1143 482 1259 529 dum
1279 482 1503 531 adventus
1523 484 1599 531 sui

259 555 393 603 spem
414 541 542 604 facit,
566 545 879 608 complurium
906 546 1085 596 dierum
1110 546 1257 606 mor'a,
1280 556 1494 611 corrupto
1515 546 1596 595 de-

260 619 397 652 mum
426 614 472 653 et
498 608 659 656 tabido
683 625 866 673 corpore
878 611 1154 671 funeratam,
1176 610 1417 673 prohibuit
1438 626 1596 660 conse-

260 669 396 730 crari,
419 674 555 732 quasi
576 674 625 721 id
646 674 750 736 ipsa
769 675 1048 724 mandasset.
1105 676 1459 723 Testamentum
1476 691 1594 739 quo-

262 749 358 798 que
378 737 481 797 ejus
510 752 596 799 pro
628 739 756 786 irrito
786 739 984 799 habuit;
1019 754 1270 802 omnesque
1296 740 1524 788 amicitias
1550 750 1597 789 et

261 799 616 863 familiaritates,
652 804 793 850 etiam
832 805 1006 866 quibus
1042 820 1098 852 ea
1126 804 1300 850 funeris
1331 804 1403 851 sui
1437 819 1596 852 curam
1671 824 1684 840 ·

263 864 464 912 moriens
502 865 817 929 demandarat,
847 870 968 917 intra
1002 872 1138 917 breve
1171 875 1355 929 tempus
1392 869 1591 927 afflixit3

262 941 361 1039 :ino
381 944 442 975 ex
461 929 553 991 his,
571 934 793 994 equestris
813 934 988 981 ordinis
1009 935 1123 995 viro,
1142 940 1188 979 et
1208 932 1258 977 in
1281 931 1473 979 antliam
1488 947 1598 980 con-

296 1002 497 1042 emnato.

329 1055 471 1122 (52.)
504 1059 733 1109 Filiorum
753 1076 904 1124 neque
924 1060 1182 1108 naturalem
1202 1059 1433 1118 Drusum,
1446 1074 1598 1122 neque

265 1121 538 1184 adoptivum
583 1125 930 1187 Germanicum,
975 1124 1128 1187 patria
1171 1125 1358 1172 caritate
1398 1123 1595 1183 dilexit3

264 1185 453 1234 alterius
475 1189 602 1236 vitiis
617 1190 823 1238 infensus
834 1209 848 1238 ε
880 1205 992 1237 nam
1008 1188 1194 1237 Drusus
1208 1189 1353 1236 animi
1368 1188 1595 1249 fluxioris,

263 1248 625 1317 remissiorisque
637 1255 760 1315 vitae,
779 1263 888 1302 erat.
956 1254 1126 1316 Itaque
1138 1269 1196 1301 ne
1210 1261 1393 1300 mortuo
1406 1253 1596 1316 quidem

262 1316 452 1377 perinde
473 1317 663 1366 affectus
683 1328 778 1376 estg
804 1319 884 1367 sed
906 1327 1091 1367 tantum
1114 1333 1206 1366 non
1228 1318 1599 1366 statimafunere

262 1380 326 1426 ad
338 1383 624 1444 negotiorum
638 1383 1017 1432 consuetudinem
1027 1383 1178 1446 rediit,
1193 1384 1378 1445 justitio
1390 1382 1596 1446 longiore

262 1444 477 1494 inhibito.
542 1447 677 1505 Quin
710 1456 757 1494 et
791 1447 1039 1496 Iliensium
1073 1448 1239 1511 legatis
1273 1448 1416 1511 paulo
1450 1448 1596 1495 serius

263 1509 623 1574 consolantibus,
639 1513 775 1575 quasi
790 1513 1033 1561 obliterata
1044 1515 1146 1577 jam
1168 1513 1338 1562 doloris
1353 1511 1592 1572 memoria,

260 1574 472 1635 irridens,
507 1578 543 1605 ‘⁶
565 1577 626 1625 Se
647 1580 888 1640 quoque,”
917 1579 1168 1641 rospondit,
1206 1582 1243 1608 “
1266 1580 1415 1626 vicem
1436 1591 1596 1624 eorum

259 1638 429 1700 dolere,
448 1641 576 1703 quod
590 1642 827 1704 egregium
848 1644 997 1691 civem
1015 1643 1262 1691 Hectorem
1283 1641 1596 1691 amisissent-’'

263 1703 543 1754 Germanico
572 1721 722 1769 usque
753 1707 869 1755 adeo
899 1709 1186 1769 obtrectavig
1218 1716 1273 1754 ut
1303 1715 1351 1754 et
1379 1705 1597 1769 praeclara

260 1768 386 1816 facta
405 1772 510 1832 eius
529 1785 615 1833 pro
636 1772 931 1833 supervacuis
951 1772 1163 1831 elevaret,
1177 1779 1224 1818 et
1245 1771 1596 1834 gloriosissimas

262 1834 495 1896 victorias,
507 1851 589 1883 ceu
602 1836 848 1883 damnosas
858 1837 1141 1899 reipublicae,
1152 1837 1417 1897 increparet.
1452 1833 1596 1898 Quqd

263 1913 371 1946 vero
383 1899 739 1960 Alexandriam,
757 1908 943 1963 propter
962 1901 1238 1946 immensam
1250 1907 1297 1946 et
1311 1898 1594 1960 repentinam

262 1961 454 2024 famem,
478 1964 736 2012 inconsulto
760 1980 808 2011 se
830 1965 1018 2023 adisset,
1043 1971 1235 2025 questus
1256 1971 1325 2009 est
1346 1963 1396 2008 in
1418 1968 1593 2009 senatu.

261 2027 426 2075 Etiam
449 2043 589 2077 causa
606 2029 769 2076 mortis
789 2028 934 2077 fixisse
953 2029 998 2074 ei
1011 2042 1095 2090 per
1108 2027 1198 2074 Cn.
1218 2027 1452 2086 Pisonem,
1469 2025 1595 2087 lega-

261 2100 367 2139 tum
406 2093 570 2156 Syriae,
605 2093 832 2152 creditum
878 2107 1037 2155 quem,
1070 2105 1184 2139 mox
1216 2089 1361 2153 hujus
1393 2090 1597 2138 criminin

259 2171 409 2218 reum,
432 2165 602 2220 putant
622 2157 815 2220 quidam
835 2157 1057 2205 mandata
1075 2156 1380 2219 prolaturum,
1404 2154 1496 2201 nisi
1520 2151 1600 2214 [ea

259 2230 432 2269 secreta
460 2223 732 2287 obstat-ena]
799 2221 891 2270 Per
919 2237 1042 2286 quae,
1066 2219 1372 2268 multifariam
1404 2218 1597 2279 inscrip-

256 2293 380 2347 tum,
420 2294 469 2334 et
502 2302 586 2349 per
627 2295 783 2335 noctes
827 2287 1117 2335 celeberrime
1160 2284 1467 2333 acclamatum
1509 2289 1594 2342 est,

260 2352 297 2380 “
317 2350 483 2398 Redde
514 2351 898 2400 Germanicum.'’
963 2351 1127 2410 Quam
1161 2349 1469 2412 suspicionem
1490 2359 1600 2393 eon-

255 2415 462 2463 firmavit
485 2414 586 2478 ipse
615 2424 790 2479 postea,
821 2418 1020 2479 conjuge
1052 2415 1195 2463 etiam
1228 2429 1283 2462 ae
1304 2411 1462 2460 liberis
1482 2410 1600 2458 Ger-

254 2481 429 2528 manici
450 2479 680 2528 crudelem
702 2480 752 2527 in
771 2480 968 2528 modum
991 2479 1191 2527 afflictis.

319 2543 461 2610 (53.)
496 2544 689 2592 Nurum
719 2545 1055 2608 Agrippinam,
1081 2550 1189 2609 post
1218 2541 1377 2590 mariti
1402 2547 1601 2588 mortem

252 2607 454 2659 liberius
475 2609 705 2673 quiddam
723 2618 952 2672 questam,
968 2623 1118 2658 manu
1135 2605 1454 2720 appregendig
1472 2603 1605 2653 θη·-

1203 2686 1247 2721 Μ
