1950 3100
305 154 397 210 188
613 158 735 223 (v.)
800 156 1166 208 CLAUDIUS,
1231 161 1309 208 26.

284 288 411 351 apud
443 287 622 346 Gallos,
653 286 767 335 dirae
796 288 1116 350 immanitatis,
1146 296 1195 337 et
1224 295 1408 336 tannim
1440 289 1628 338 civibus

282 354 371 401 sub
393 352 615 415 Augusto
634 350 940 413 interdictam,
965 353 1152 415 penitus
1172 352 1390 401 abolevit.
1428 354 1623 413 Contra,

276 432 411 464 sacra
439 415 683 463 Eleusinia
704 417 846 463 etiam
868 416 1110 464 transferre
1137 433 1198 464 ex
1220 418 1385 464 Attica
1413 419 1625 465 Romam

283 489 473 528 conatus
506 488 603 536 θεῖς
640 480 962 545 templumque
997 482 1048 528 in
1073 482 1235 530 Sicilia
1263 482 1460 529 Veneris
1495 483 1622 545 Ery-

283 546 414 605 cine,
439 552 665 592 vetustate
694 544 966 608 collapsum,
990 554 1045 593 ut
1065 561 1124 593 ex
1153 546 1311 594 aerario
1330 547 1498 609 populi
1521 547 1621 593 Ro.

283 610 412 656 mani
441 609 713 668 reficeremr,
744 617 905 657 auctor
926 610 1035 657 fuit.
1099 610 1224 658 Cum
1251 611 1442 673 regibus
1470 610 1625 659 foedus

285 674 335 719 in
359 673 459 720 foro
486 674 585 734 icit,
606 673 748 736 porca
768 673 902 734 παὶ,
935 690 991 722 ae
1011 682 1160 722 vetere
1188 675 1426 722 fecialium
1453 675 1623 738 praefa-

286 737 410 785 tione
443 737 668 786 adhibita.
734 737 826 785 Sed
860 746 908 786 et
936 739 1053 798 haee,
1087 746 1133 786 et
1164 747 1341 800 eaetera,
1375 746 1624 802 totumque

283 800 399 850 adeo
430 816 490 849 ex
521 810 651 865 parte
686 802 860 864 magna
889 803 1220 865 principatum,
1254 818 1348 850 non
1386 813 1486 850 tam
1519 818 1623 862 suo,

283 881 428 929 quam
463 882 665 915 uxorum
693 867 1054 929 libertorumque
1083 868 1288 927 arbitrio,
1320 867 1622 915 administra-

285 932 383 990 vit3
419 932 527 980 talis
547 933 725 995 ubique
742 931 1033 994 plerumque,
1057 932 1246 995 qualem
1265 947 1365 979 esse
1384 946 1512 992 eum,
1539 941 1622 980 aut

288 996 524 1060 expediret
543 996 655 1056 iuis,
678 1004 760 1043 aut
777 995 954 1044 liberet.

353 1059 492 1126 (26.)
513 1062 714 1123 Sponsas
730 1060 983 1107 admodum
1001 1060 1262 1108 adolescens
1282 1061 1401 1108 duas
1423 1060 1617 1117 habuit3

287 1124 535 1173 AEmiliam
557 1125 802 1188 Lepidam,
825 1125 1037 1186 Augusti
1062 1133 1364 1187 proneptem3
1400 1126 1513 1172 item
1539 1126 1623 1173 Li-

287 1191 414 1237 viam
436 1189 768 1250 Medullinum,
786 1190 864 1236 cui
882 1196 928 1235 et
948 1203 1202 1251 cognomen
1223 1189 1440 1237 Camillae
1462 1199 1576 1250 erat,
1600 1206 1626 1237 e

286 1267 450 1314 genere
478 1255 672 1315 antiquo
700 1253 935 1301 dictatoris
965 1253 1169 1301 Camilli.
1236 1254 1463 1314 Priorem,
1497 1254 1621 1317 quod

285 1324 495 1426 fluentes
527 1319 630 1379 ejus
659 1317 938 1379 Augustum
966 1317 1264 1378 offenderant,
1287 1318 1517 1380 virginem
1540 1319 1620 1365 ad-

320 1395 378 1427 uc
397 1380 689 1442 repudiavit3
723 1383 1021 1443 posteriorem
1042 1384 1146 1445 ipso
1164 1383 1256 1443 die,
1281 1383 1366 1445 qui
1381 1392 1481 1429 erat
1501 1397 1622 1445 nup-

283 1445 362 1492 tiis
379 1444 650 1504 destinatus,
674 1460 734 1492 ex
750 1446 1013 1494 valetudine
1029 1447 1199 1507 amisit.
1250 1447 1435 1495 Uxores
1456 1447 1623 1495 deinde

283 1509 423 1556 duxit
450 1508 688 1557 Plautiam
710 1509 1075 1573 Urgulanillam‚
1106 1512 1398 1575 triumphali,
1427 1521 1475 1560 et
1507 1527 1620 1560 mox

284 1573 465 1621 AEliam
502 1573 736 1636 Petinam,
775 1577 1007 1623 consulari
1042 1586 1187 1640 patre.
1251 1577 1378 1626 Cum
1424 1578 1624 1640 utraque

281 1638 534 1686 divortium
550 1639 686 1688 feeit:
712 1639 794 1686 sed
809 1655 917 1688 cum
931 1641 1113 1703 Petina,
1128 1656 1188 1688 ex
1202 1642 1385 1689 levibus
1400 1642 1591 1689 offensis
1604 1660 1620 1699 ς

280 1718 393 1752 cum
416 1703 731 1767 Urgulanilla,
754 1706 815 1752 ob
830 1704 1083 1753 libidinum
1105 1707 1288 1769 probra,
1311 1714 1358 1753 et
1378 1706 1622 1755 homicidii

281 1769 609 1832 suspicionem.
644 1769 761 1817 Post
773 1769 876 1829 has,
895 1769 1134 1818 Valeriam
1156 1770 1482 1831 Messalinam,
1501 1770 1621 1818 Bar-

283 1835 382 1881 bati
396 1834 631 1895 Messalae,
646 1835 906 1882 consobrini
918 1837 1011 1896 sui,
1028 1835 1191 1896 liliam,
1205 1836 1255 1881 in
1268 1836 1622 1882 matrimonium

284 1899 474 1961 accepit.
549 1899 712 1958 Quam
759 1913 868 1946 eum
922 1900 1231 1962 comperisset,
1277 1915 1417 1961 super
1461 1909 1624 1947 caeoera

284 1963 465 2026 flagitia
486 1972 627 2026 atque
642 1962 877 2023 dedecora,
896 1963 951 2010 C.
970 1964 1091 2012 Silio
1109 1965 1250 2011 etiam
1265 1963 1495 2027 nupsisse,
1514 1964 1623 2012 dote

281 2028 400 2074 inter
419 2029 630 2091 auspices
660 2027 944 2090 consignata,
973 2028 1207 2092 supplicio
1235 2029 1418 2085 affecit3
1456 2028 1625 2075 confir-

283 2093 524 2156 mavitque
543 2107 629 2156 pro
648 2092 863 2140 concione
886 2092 1015 2155 apud
1042 2093 1355 2155 praetorianos,
1381 2094 1418 2120 ‘⁶
1439 2093 1621 2151 Quate-

280 2170 372 2204 nus
394 2157 486 2205 sibi
506 2157 802 2204 matrimonia
817 2157 939 2204 male
956 2156 1178 2217 cederent,
1200 2171 1558 2219 permansurum
1576 2173 1624 2204 se

280 2221 331 2268 in
353 2221 568 2269 coelibatu
585 2241 599 2270 ε
626 2237 695 2283 ac,
714 2223 805 2269 nisi
826 2223 1166 2285 permansisset,
1185 2237 1278 2269 non
1299 2230 1622 2269 recusaturum

280 2285 465 2333 confodi
506 2288 725 2334 manibus
766 2287 1028 2349 ipsorum.'’
1108 2287 1211 2334 Nec
1253 2286 1417 2333 durare
1453 2286 1621 2345 valuit,

280 2350 397 2412 quin
427 2349 486 2398 de
508 2350 850 2398 conditionibus
879 2352 1100 2399 continuo
1135 2358 1364 2410 tractaret,
1397 2351 1541 2397 etiam
1565 2348 1624 2396 de

282 2414 476 2474 Petinae,
496 2429 641 2476 quam
656 2415 771 2462 olim
786 2424 1015 2478 exegerat,
1034 2417 1183 2478 deque
1204 2415 1373 2463 Loniae
1388 2414 1621 2473 Paulinae,

312 2494 387 2525 uae
429 2478 484 2526 C.
520 2479 693 2526 Caesari
735 2488 884 2543 nupta
925 2480 1091 2527 fuerat.
1167 2480 1347 2528 Verum
1390 2479 1624 2526 illecebris

275 2665 559 2723 subornavit,
578 2668 792 2726 proximo
807 2679 968 2718 senatu
988 2674 1071 2733 qui
1093 2681 1338 2731 censerent,
1358 2642 1626 2734 cogendum,
