1950 3100
633 156 788 223 (v1.)
850 153 1062 207 NERO,
1128 158 1205 206 43.
1504 157 1599 207 ιιι

244 283 475 334 adoravit.
537 283 616 333 Ac
643 300 702 332 ne
730 294 843 334 tunc
870 281 1062 348 quidem
1095 293 1181 334 aut
1194 291 1369 334 'senatu
1396 292 1482 333 sut
1508 300 1603 349 po·-

241 351 366 413 pulo
395 363 551 399 coram
578 350 832 412 appellato,
854 349 1086 413 quosdam
1116 364 1144 401 e
1169 349 1454 412 primoribus
1482 351 1596 398 viris

241 414 445 462 domum
460 414 693 463 evocavit.
714 413 1038 477 transactaque
1052 415 1226 477 raptim
1240 413 1594 473 consultatione,

241 479 479 540 reliquam
499 478 594 525 diei
612 486 793 540 partem
820 494 903 541 per
921 492 1096 542 organs
1122 477 1398 541 hydraulica
1415 479 1530 526 novi
1550 486 1599 526 et

362 543 401 589 ti
432 543 610 604 generis
643 542 987 591 circumduxit·
1026 541 1362 606 ostendensque
1392 542 1596 604 singula,

328 607 506 654 ratione
530 621 586 654 ac
608 605 882 654 difficultate
912 609 1144 670 cujusque
1163 606 1445 667 disserens,‘
1424 622 1528 669 jam
1548 622 1598 655 se

246 671 393 717 etiam
413 670 705 732 prolaturum
724 672 882 718 omnia
896 671 947 718 in
962 670 1197 719 theatrum
1212 669 1517 732 affirmavig‘
1521 672 1597 720 ‘si

246 749 334 797 per
353 734 603 782 Vindicem
622 734 811 783 liceat.”

316 797 455 862 (42.)
490 799 750 862 Postquam
774 798 1102 846 deindeetiam
1123 798 1394 846 Galbamet
1415 798 1613 861 Hispa-¹

248 862 354 910 nias
372 862 618 911 descivisse
647 864 879 926 cognovit,
910 863 1162 925 collapsus,
1195 864 1444 925 animoque
1473 863 1597 911 male

251 925 417 987 fracto,
430 926 514 973 diu
531 935 578 974 et
591 927 691 975 sine
702 941 829 988 voce,
842 936 891 974 et
910 942 1055 990 prope
1068 928 1412 986 intermortuus,
1431 928 1594 988 jacuit.

248 990 415 1054 thue
442 991 651 1053 resipuit,
681 999 806 1039 veste
832 991 1044 1069 discissa,
1076 993 1227 1054 eapite
1258 992 1596 1051 conver-beruto,

270 1056 471 1102 ‘actum
488 1054 547 1102 de
567 1057 650 1116 se,'
655 1057 1037 1118 pro’nuntiavit.
1074 1054 1420 1116 consolantique
1447 1055 1598 1101 nutri-

247 1118 385 1179 culae,
396 1127 443 1166 et
453 1119 559 1167 aliis
574 1134 763 1183 quoque
771 1121 873 1181 jam
882 1119 1181 1183 Principibus
1193 1119 1367 1166 similis
1378 1118 1601 1166 accidisse

251 1185 543 1244 memoranti,
580 1186 616 1213 ‘⁴
636 1185 697 1231 Se
729 1198 852 1244 vero,
838 1192 1050 1294 (hpraeter
1079 1191 1279 1243 caeteros,
1311 1181 1523 1229 inaudita
1553 1192 1605 1231 et

249 1246 488 1309 incognita
494 1248 660 1323 „pam”
672 1262 839 1311 respon
838 1247 967 1308 di‘t,
971 1249 1083 1310 ‘qui
1098 1261 1341 1295 summum
1350 1247 1598 1310 imperium

253 1311 391 1359 vivus
413 1313 691 1359 amitteret.’'
755 1312 859 1360 Nec
878 1327 933 1360 eo
955 1313 1105 1360 secius
1126 1309 1387 1374 quidquam
1409 1327 1468 1358 ex
1489 1326 1605 1359 con.-

250 1374 497 1423 suetudine
515 1375 659 1423 luxfis
681 1383 822 1439 atque
841 1375 1034 1424 desidiae
1053 1377 1231 1436 omisit,
1250 1375 1323 1423 vel
1342 1376 1596 1424 imminuit.

250 1438 549 1499 Quinimmo,
592 1454 703 1487 cum
747 1441 954 1503 prosperi
990 1440 1216 1503 quiddam
1247 1455 1307 1488 ex
1349 1441 1607 1518 provinciis

249 1504 1542 1633 omnsffimffffisffitzmmdmmffitfflssffssffl
1495 1519 1605 1617 „3133

251 1633 432 1694 dulats,
448 1648 555 1695 quae
571 1633 714 1695 vulgo
728 1641 995 1695 notuerunt,
1012 1635 1154 1682 etiam
1176 1634 1475 1697 gesticulatus
1495 1642 1566 1682 est
1578 1650 1599 1691 ς

250 1711 323 1755 ac,
347 1698 622 1760 spectaculis
650 1697 817 1744 theatri
845 1697 967 1746 clam
998 1698 1174 1758 illatus,
1204 1697 1393 1744 cuidam
1423 1698 1605 1746 scenico

251 1761 455 1824 placenti
473 1763 693 1809 nuntium
714 1761 859 1822 misit,
885 1763 921 1790 “
936 1763 1071 1809 abuti
1090 1777 1200 1809 eum
1219 1761 1605 1822 occupationibus

256 1826 394 1873 suis)

320 1888 461 1953 (43.)
494 1888 641 1937 Initio
661 1891 822 1938 statim
843 1889 1091 1948 tumultus,
1113 1888 1267 1935 multa
1289 1895 1338 1935 et
1356 1887 1608 1947 immanis,

253 1969 418 2002 verum
438 1968 531 2000 non
551 1954 843 2002 abhorrentia
866 1969 897 2001 a
922 1953 1011 2001 sus
1036 1952 1219 2011 natura,
1241 1951 1441 1999 creditur
1458 1951 1603 1999 desti-

253 2017 420 2065 nasse·
460 2032 737 2066 successores
768 2031 1146 2128 percussoresque
1173 2016 1444 2063 submittere
1471 2029 1605 2061 exer-

254 2082 379 2130 citus
420 2088 468 2129 et
507 2084 767 2143 provincias
806 2082 1088 2146 regentibus,
1133 2079 1271 2142 quasi
1312 2079 1599 2141 conspiratis,

255 2145 477 2209 idemque
509 2153 557 2193 et
589 2162 740 2194 unum
774 2147 1106 2194 sentientibus.
1154 2143 1382 2206 quidquid
1424 2144 1601 2205 ubique

255 2210 496 2270 exsulum,
517 2210 786 2274 quidquid
771 2225 823 2258 ιιι
842 2211 972 2259 Urbe
991 2209 1237 2257 hominum
1253 2206 1602 2254 Gallicanorum

255 2282 391 2335 esset,
414 2275 757 2324 contrucidare.
782 2275 905 2336 illos,
922 2289 982 2322 ne
1001 2272 1357 2321 desciscentibus
1378 2285 1601 2334 aggrega.

253 2345 440 2395 rentur,
473 2339 577 2400 hos,
601 2348 658 2387 ut
681 2341 888 2389 conscios
914 2338 1212 2402 popularium
1243 2349 1435 2383 suorum
1462 2341 1608 2397 atque

255 2401 489 2451 fautores:
517 2403 700 2452 Gallias
714 2404 992 2451 exercitibus
1011 2399 1292 2464 diripiendas
1312 2399 1597 2476 permittere.

257 2475 474 2514 senatum
510 2468 780 2516 universum
819 2481 994 2516 veneno
1034 2481 1116 2529 per
1158 2464 1370 2513 convivia
1411 2477 1570 2511 necare
1583 2481 1599 2511 ε

259 2530 441 2578 Urbem
473 2532 729 2591 incendere,
759 2532 869 2580 feris
902 2532 952 2578 ιιι
983 2530 1214 2595 ΡοΡιιΙιιιιι
1243 2528 1483 2589 immissis,
1505 2542 1609 2590 quo

256 2590 498 2642 difficilius
529 2594 860 2644 defenderetur.
924 2596 1019 2645 Sed
1051 2594 1335 2653 absterritus,
1371 2606 1464 2640 non
1503 2600 1601 2639 tem

254 2658 544 2721 poenioentia,
556 2674 700 2721 quam
712 2659 976 2723 perficiendi
986 2659 1314 2722 desperatione,
1325 2656 1608 2719 credensque
