1950 3100
652 159 805 225 (vl.)
867 162 1076 211 NERO.
1142 166 1188 211 6.
1491 165 1580 212 2⁰1

257 284 484 347 tudinem,
507 302 665 348 ausus,
683 290 866 337 transiit
884 290 944 337 ad
959 290 1234 354 Augustum
1249 307 1266 349 ς
1289 299 1336 338 et
1353 291 1405 337 in
1419 289 1586 339 diebus

259 350 420 410 paucis
451 352 585 410 obiit,
620 353 848 403 nonnulla
883 362 931 401 et
961 355 1061 417 ipse
1095 355 1290 403 infamia
1325 354 1581 417 athpersus.

260 412 387 461 Nam
430 416 686 477 Antonius,
736 432 845 465 eum
889 418 1112 468 desiderio
1163 420 1323 467 amicae
1376 419 1584 467 Serviliae

259 476 430 527 Naidis
449 480 764 542 transfugisse,
784 483 993 544 Jactavit.

323 541 429 607 (4.)
459 542 540 591 Ex
567 545 655 591 hoc
680 545 921 595 Domitius
948 549 1169 607 nascstm,
1198 562 1338 610 quem
1364 555 1585 596 emtorm

257 604 449 654 familiae
478 610 776 673 pecuniaeque
804 612 856 657 in
887 619 1159 659 testamento
1185 612 1398 674 Augusti
1421 612 1581 672 fuisse,

259 683 371 717 mox
394 672 535 734 vulgo
555 681 767 721 notatum
787 683 885 733 est3
919 690 1014 724 non
1033 677 1192 723 minus
1221 676 1464 737 aurigandi
1489 684 1586 723 arte

256 733 307 779 in
355 735 657 785 adolescentia
697 738 864 800 clarus,
909 754 1054 802 quam
1094 739 1259 787 deinde
1307 741 1585 787 ornamentis

257 798 618 861 triumphalibus
647 817 706 849 ex
740 803 1016 852 Germanico
1045 803 1182 851 bello.
1246 803 1427 852 Verum
1463 819 1586 851 arro-

256 876 390 923 ganS,
420 865 651 926 profusus,
682 866 894 928 immitis,
918 882 1150 916 censorem
1173 867 1232 914 L.
1255 868 1487 915 Plancum
1509 869 1589 916 via

255 926 349 973 sibi
370 927 581 977 decedere
608 930 755 979 aedilis
784 931 937 994 co'e’git
950 950 965 981 ε
1000 940 1212 994 praeturae
1232 931 1588 992 consulatusque

253 988 426 1038 honore
446 995 621 1055 equites
641 994 882 1043 Romanos
909 1004 1236 1057 matronasque
1262 994 1324 1042 ad
1353 994 1585 1055 agendum

251 1054 457 1103 mimum
475 1057 698 1119 produxit
716 1060 767 1105 in
787 1074 986 1107 scenam.
1017 1059 1298 1108 Venationes
1318 1066 1365 1105 et
1383 1059 1434 1104 in
1450 1059 1585 1119 circo,

253 1127 301 1165 et
320 1119 373 1165 in
385 1122 601 1169 omnibus
612 1123 757 1170 Urbis
771 1123 1053 1185 regionibus,
1066 1122 1223 1171 dedite
1248 1136 1422 1169 munus
1444 1122 1584 1170 etiam

251 1182 611 1244 gladiatorium3
646 1187 727 1235 sed
759 1188 889 1235 tanta
925 1186 1119 1247 saevitia,
1154 1194 1211 1234 ut
1239 1201 1419 1235 necesse
1446 1186 1587 1233 fuerit

253 1246 494 1310 Augusto,
517 1249 637 1297 clam
656 1251 827 1299 frustra
846 1252 1096 1312 monitum,
1120 1250 1269 1299 edicto
1291 1254 1507 1298 coercere.

320 1310 427 1374 (5.)
459 1313 539 1360 Ex
570 1315 783 1363 Antonia
816 1317 993 1377 majore
1029 1322 1208 1378 patrem
1244 1316 1443 1363 Neronis
1480 1329 1586 1376 pro-

251 1376 441 1437 creavit,
482 1379 609 1424 omni
644 1386 773 1441 parte
810 1381 919 1427 vitae
953 1379 1270 1428 detestabilem
1284 1396 1299 1427 ε
1335 1380 1582 1442 siquidem,

252 1452 409 1487 comes
439 1440 500 1488 ad
530 1442 770 1491 Orientem
801 1443 856 1491 C.
888 1443 1084 1492 Caesaris
1110 1444 1312 1506 juvenis,
1347 1445 1496 1491 occiso
1525 1443 1584 1490 li-

251 1504 386 1552 berto
414 1519 515 1566 sue,
546 1505 683 1568 quod-
702 1515 875 1570 potare,
905 1516 1135 1571 quantum
1158 1509 1425 1571 jubebatur,
1457 1523 1585 1556 recu-

252 1567 395 1628 sarat,
419 1569 637 1619 dimissus
665 1587 692 1621 e
721 1571 903 1620 cohorte
936 1573 1208 1633 amicorum,
1237 1573 1386 1620 nihilo
1405 1573 1586 1620 modes-

253 1633 354 1680 tius
391 1633 524 1681 vixit.
587 1634 681 1682 Sed
716 1644 778 1697 et,
821 1636 872 1682 in
914 1636 1004 1684 viae
1040 1637 1216 1699 Appiae
1251 1638 1369 1696 vico,
1403 1644 1588 1699 repente

252 1699 1589 1826 ffifflmssssffssfflssmfflssffissnss

247 1826 463 1887 Jurganti
483 1827 673 1874 oculum
692 1829 842 1886 eruit3
877 1828 1082 1890 perfidiae
1101 1842 1209 1875 vero
1231 1835 1388 1887 tantae,
1411 1835 1467 1873 ut
1493 1841 1588 1875 non

154 1907 164 1931 v
251 1888 399 1937 modo
417 1892 694 1952 argentarios
721 1893 882 1955 pretiis
911 1906 1064 1939 rerum
1096 1895 1396 1944 coemtarum..
1431 1890 1511 1937 sed
1543 1898 1590 1937 et

247 1953 305 2000 in
336 1955 538 2015 praetura
567 1957 773 2005 mercede
802 1957 1067 2019 palmarum
1098 1955 1367 2016 aurigarios,
1399 1952 1586 2000 frauda-

250 2018 387 2064 verit.
453 2019 657 2068 Notatus
678 2023 738 2069 ob
757 2020 859 2069 haec
879 2028 928 2068 et
953 2020 1119 2067 sororis
1143 2022 1266 2081 joco,
1290 2019 1587 2080 querentibus

251 2080 459 2130 dominis
479 2082 748 2146 factionum,
769 2086 803 2112 ‘⁴
818 2084 1183 2147 repraesentanda
1203 2082 1394 2144 praemia
1408 2082 1460 2127 in
1479 2096 1586 2143 pos-

251 2146 461 2206 terum‚”
494 2150 663 2196 sanxit.
729 2149 998 2212 Majestatis
1028 2162 1230 2210 quoque,
1263 2154 1309 2193 et
1340 2145 1588 2195 adulterio-

251 2224 380 2269 rum,
417 2211 669 2275 incestique
705 2228 813 2260 cum
851 2227 1001 2261 sorore
1038 2212 1236 2274 Lepida,
1275 2211 1364 2257 sub
1400 2224 1590 2257 excessu

255 2273 442 2321 Tiberii
460 2291 580 2339 reus,
608 2278 864 2325 mutatione
884 2284 1147 2339 temporum
1166 2275 1342 2331 evasit3
1378 2273 1592 2321 decessit-

253 2352 352 2400 que
368 2338 537 2402 Pyrgis
562 2343 725 2388 morbo
808 2358 881 2389 uae
906 2341 1159 2401 intercutis,
1178 2338 1363 2387 sublato
1375 2337 1474 2385 filio
1495 2337 1593 2385 Ne-

249 2416 367 2450 rone
387 2417 447 2450 ex
466 2404 749 2468 Agrippina,
916 2406 1048 2452 anico
1068 2404 1239 2467 genita.

321 2463 429 2531 (6.)
461 2467 588 2516 Nero
618 2478 757 2519 natus
785 2478 856 2517 est
880 2470 1022 2517 Antii
1052 2478 1157 2531 post
1183 2481 1359 2515 nonum
1386 2479 1593 2513 mensem

249 2545 406 2592 quam
449 2530 667 2582 Tiberius
709 2535 921 2593 excessit,
958 2532 1329 2580 duodevicesimo
1365 2529 1594 2578 calendas

239 2593 528 2657 ,Januariaffi
569 2606 751 2646 tantum
789 2597 916 2660 quod
957 2597 1189 2645 exoriente
1225 2595 1338 2654 sole,
1376 2608 1507 2657 paene
1537 2602 1594 2641 ut

243 2658 402 2712 uthis
422 2661 569 2725 Prius,
584 2677 729 2728 quam
744 2662 878 2723 terra,
896 2661 1244 2724 contingeretur.
1289 2658 1366 2708 De
1380 2657 1596 2723 genitura
