1950 3100
461 156 469 160 ·
561 146 693 211 (ιι.)
756 146 1134 197 AUGUSTUS.
1199 149 1277 198 82.
1521 114 1586 195 as

247 272 308 321 ad
345 273 632 351 impetiginis
665 275 877 324 formam.
944 276 1206 325 coxendice
1243 284 1290 324 et
1326 276 1498 324 femore
1531 285 1578 324 et

243 351 374 384 crure
407 338 592 386 sinistro
623 354 717 387 non
748 341 936 402 perinde
966 341 1165 400 valebat,
1193 349 1248 388 ut
1281 356 1401 403 saepe
1434 341 1576 388 etiam

240 400 349 448 inde
378 402 684 451 claudicaret·
721 404 801 452 sed
834 404 1035 452 remedio
1068 404 1401 469 [habenarum]
1437 413 1578 468 atque

240 466 521 513 arundinum
545 467 914 515 confirmabatur.
982 468 1174 516 Dextrae
1196 484 1384 531 quoque
1404 471 1573 517 maniis

238 528 442 591 digitum
464 531 713 579 salutarem
734 539 834 578 tam
854 533 1142 580 imbecillum
1158 533 1391 580 interdum
1407 534 1571 581 sentie-

237 594 334 654 bat,
353 602 408 641 ut
429 602 700 656 torpentem,
718 604 1094 658 cona-actumque
1115 596 1298 658 frigore,
1319 598 1402 644 vix
1419 598 1570 645 cornei
1589 646 1592 647 γ

238 657 399 704 circuli
418 659 741 721 supplemento
761 674 849 707 scn
785 668 997 708 cnturoe
1018 660 1293 708 admoveret.
1360 661 1571 720 Questus

237 729 308 768 est
327 730 376 768 et
395 721 454 769 de
477 723 644 785 vesica,
675 726 811 785 cujus
873 724 1013 784 olore,
1048 724 1238 772 calculis
1272 724 1462 772 demum
1492 741 1575 788 per

239 785 423 833 urinam
445 788 617 849 ejectis,
640 787 895 835 levabatur.

301 848 414 926 (81.
419 849 440 913 )
473 851 650 900 Graves
680 859 727 899 et
749 852 1031 913 periculosas
1062 852 1347 900 valetudines
1367 868 1450 915 per
1470 867 1571 900 om-

237 927 345 960 nem
360 915 507 961 vitam
524 915 704 977 aliquot
717 924 933 978 expertus
949 923 1046 974 est·
1070 917 1302 978 praecipue
1319 917 1572 965 Cantabria

235 977 431 1040 domita,
451 993 559 1026 cum
573 981 731 1041 etiam,
754 981 1145 1028 destillationibus
1167 980 1366 1041 jecinore
1391 981 1569 1041 vitiato,

235 1042 298 1089 ad
320 1042 680 1105 desperationem
704 1044 933 1105 redactus,
957 1044 1233 1092 contrariam
1254 1052 1302 1090 et
1323 1045 1572 1104 ancipitem

235 1107 460 1154 nationem
486 1107 700 1156 medendi
728 1109 982 1156 necessario
1004 1109 1165 1169 subiit,
1190 1109 1305 1170 quia
1326 1107 1478 1155 calida
1499 1107 1570 1154 fo-

234 1178 392 1218 menta
412 1186 506 1218 non
527 1171 786 1234 proderant,
803 1172 987 1234 frigidis
1001 1173 1151 1219 curari
1167 1180 1371 1232 coactus,
1388 1179 1571 1219 auctore

234 1234 447 1283 Antonio
461 1236 621 1284 Musa.
688 1236 933 1296 Quasdam
949 1245 997 1284 et
1018 1237 1365 1296 amiiversarias,
1382 1251 1436 1283 ac
1452 1243 1569 1284 tem-

234 1313 345 1361 pore
388 1298 510 1348 certo
552 1309 843 1361 recurrentes,
887 1301 1220 1362 experiebatur.
1298 1301 1445 1361 Nam,
1482 1302 1571 1348 sub

234 1363 436 1411 natalem
481 1380 637 1425 suum,
681 1365 957 1428 plerumque
999 1365 1281 1428 languebat·
1334 1371 1402 1426 et,‘
1436 1365 1572 1412 initio

232 1442 544 1540 xfffflffl
542 1428 773 1542 ‘dffiffis
780 1429 1325 1555 mfl⁸3231¹332oe¹¹fflffi
1352 1429 1572 1541 “iffi

233 1571 442 1686 Ἥ)
459 1508 1569 1686 fiqpssffissmssmffmmffflssssiffffizz

231 1695 280 1733 et
299 1687 533 1734 subucula
553 1695 600 1734 et
620 1686 804 1735 thorace
823 1686 973 1749 laneo,
999 1696 1046 1735 et
1065 1624 1379 1748 fenffilalibus,
1398 1696 1444 1734 et
1460 1688 1570 1734 tibi-
1589 1729 1602 1738 .

231 1750 388 1799 alibus
409 1752 730 1800 muniebatur.
760 1759 932 1811 astate,
958 1753 1127 1814 apertis
1150 1752 1354 1800 cubiculi
1370 1741 1565 1810 foribus,

231 1829 287 1862 ac
321 1830 445 1877 saepe
478 1816 529 1861 in
563 1816 804 1879 peristylio
837 1816 1029 1863 saliente
1068 1817 1209 1878 aqua,
1252 1825 1393 1878 atque
1427 1815 1569 1862 etiam

231 1880 485 1927 ventilante
515 1879 692 1942 aliquo,
721 1882 936 1928 cubabat.
1004 1880 1127 1928 Solis
1158 1895 1266 1928 vero
1296 1894 1356 1926 ne
1385 1878 1569 1925 hiberni

231 1944 426 2005 quidem
448 1945 645 2005 patiens,
663 1944 791 1992 domi
807 1959 996 2006 quoque
1011 1958 1105 1990 non
1120 1944 1213 1990 nisi
1226 1950 1463 2005 petasatus
1478 1943 1567 1989 sub

230 2007 342 2056 divo
374 2009 678 2070 spatiabatur.
718 2008 921 2056 Itinera
946 2007 1125 2068 lectica,
1149 2014 1196 2053 et
1215 2008 1430 2053 noctibus
1454 2005 1563 2065 fere,

229 2086 388 2184 {iffi
406 2072 554 2184 {533
574 2073 851 2199 &QZ
884 2039 1569 2196 fidef'ssi‘auss‘pssffioemffi

226 2210 399 2262 posset,
410 2201 568 2263 potius
578 2202 843 2263 navigabat.
866 2200 1049 2248 Verum
1061 2206 1240 2246 tantam
1251 2197 1568 2245 infirmitatem

225 2264 404 2327 magna
447 2264 560 2312 cura
602 2266 837 2324 tuebatur,
870 2264 1103 2326 imprimis
1137 2261 1329 2309 lavandi
1370 2261 1570 2308 raritate.

224 2328 509 2391 Ungebatur
538 2330 663 2376 enim
694 2330 879 2391 saepius,
838 2336 955 2390 s‚et
984 2328 1183 2376 sudabat
1207 2326 1269 2374 ad
1291 2325 1563 2373 flammam.
1600 2384 1603 2387 ἢ

222 2391 393 2439 deinde
423 2392 786 2454 perfundebatur
814 2392 996 2455 egelida
1021 2392 1162 2455 aqua,
1188 2390 1262 2439 vel
1292 2389 1388 2437 sole
1415 2389 1569 2436 multo

223 2456 465 2504 calefacta.
529 2456 619 2516 At,
657 2458 854 2520 quoties,
890 2470 1137 2505 nervorum
1180 2454 1336 2515 causa,
1374 2453 1567 2501 marinis

221 2520 518 2583 Albulisque
532 2521 694 2569 calidis
706 2521 934 2569 utendum
947 2529 1088 2581 esset,
1096 2526 1337 2569 contentus
1349 2518 1438 2566 hoc
1453 2526 1564 2577 erat,

222 2591 298 2644 ut,
322 2584 531 2634 insidens
545 2585 702 2650 ligneo
717 2585 851 2648 solio,
875 2586 1043 2649 quod
1026 2600 1127 2649 ipse
1150 2584 1411 2696 Hispanico
1432 2584 1571 2633 verbo
