1950 3100
563 158 690 226 (v.)
754 159 1123 210 cmumus.
1187 163 1265 210 aa
1487 163 1580 212 ιω

246 303 295 336 se
328 287 390 335 ad
427 287 691 337 ducendum
734 304 840 337 eam
876 304 1088 351 uxorem,
1130 289 1265 352 quasi
1304 288 1573 351 reipublicae

246 354 450 400 maxime
474 351 737 411 interessem
773 353 974 400 dandam
1010 369 1068 401 ue
1097 354 1270 401 caeteris
1292 354 1475 401 veniam
1503 362 1574 402 ta-

245 415 363 464 lium
386 417 725 480 conjugiorum,
750 433 857 480 quae
878 417 938 464 ad
962 419 982 464 i
1034 426 1217 480 tempus
1238 418 1410 465 incesta
1429 417 1572 465 habe-

243 481 425 528 bantur.
488 481 582 542 Ac,
607 482 688 529 vix
709 496 805 529 uno
824 483 1092 544 interposito
1112 481 1202 542 die,
1226 480 1421 529 confecit
1450 496 1573 544 nup-

245 545 364 602 tias3
420 560 514 593 non
556 546 761 608 repertis,
811 549 896 609 qui
943 554 1239 608 sequerentur
1286 546 1572 608 exemplum,

243 616 434 670 excepto
453 609 668 656 libertino
689 610 911 672 quodam,
935 618 983 657 et
1001 611 1146 657 altero
1172 610 1466 673 primipilari,
1490 625 1572 658 cu..

238 673 320 784 {eug
341 672 547 721 officium
567 674 837 737 nuptiarum
865 683 913 722 et
941 675 1043 737 ipse
1071 689 1180 722 cum
1202 672 1473 736 Agrippina
1499 689 1573 722 ee.

320 738 453 784 ravit.

311 799 452 864 (27.)
485 801 677 849 Liberos
705 817 765 849 ex
795 802 942 849 tribus
975 802 1204 849 uxoribus
1224 800 1362 851 tulite
1398 816 1458 849 ex
1480 802 1574 850 Ur-

243 864 472 926 gulanilla
491 864 704 914 Drusum
738 874 786 913 et
817 865 1097 923 Claudiam3
1133 880 1192 912 ex
1222 864 1392 913 Patina
1418 867 1574 913 Anto-

243 929 401 986 niam3
448 945 507 976 ex
541 929 800 978 Messalina
835 930 1101 990 Octaviam,
1141 936 1203 990 et,
1242 944 1385 991 quem
1421 930 1574 991 primo

244 990 590 1054 Germanicum,
651 1009 764 1041 mox
816 994 1159 1052 Britannicum,
1212 994 1570 1054 cognominavit.

242 1054 457 1104 Drusum
478 1058 714 1120 Pompeiis
742 1059 1032 1119 impuberem
1060 1056 1233 1118 amisit,
1257 1057 1376 1119 piro,
1399 1071 1480 1119 per
1498 1056 1573 1104 lu·

242 1134 349 1167 aum
370 1122 420 1168 in
437 1122 636 1169 sublime
652 1123 843 1184 jactato,
860 1129 908 1168 et
926 1121 1061 1169 hiatu
1081 1121 1173 1169 oris
1192 1128 1401 1182 excepto,
1426 1129 1576 1168 stran-

240 1184 488 1246 gulatum3
524 1186 792 1234 cuietante
813 1200 987 1249 paucos
1010 1186 1109 1233 dies
1134 1184 1282 1232 filiam
1304 1185 1463 1247 Sejani
1492 1185 1575 1232 de-

241 1249 513 1310 spondisset.
560 1250 673 1310 Quo
687 1251 839 1312 magis
859 1249 1017 1311 miror,
1039 1250 1199 1310 fuisse,
1224 1249 1309 1311 qui
1330 1249 1573 1311 traderent,

239 1310 402 1360 fraude
422 1329 452 1361 a
466 1314 636 1376 Sejano
655 1322 885 1362 necatum.
932 1314 1199 1374 Claudiam,
1221 1328 1281 1361 ex
1299 1312 1467 1361 liberto
1488 1329 1574 1363 suo

241 1375 411 1425 Botere
432 1387 713 1441 conceptam,
739 1378 955 1441 quamvis
985 1387 1091 1427 ante
1119 1379 1339 1441 quintum
1367 1393 1574 1426 mensem

239 1440 428 1517 divortii
465 1450 639 1504 natam,
674 1442 831 1505 alique
867 1451 1081 1506 coeptam,
1115 1443 1285 1505 exponi
1323 1450 1480 1490 tamen
1511 1442 1573 1490 ad

238 1506 1572 1634 ffifffflffssgssssfffflffifflsufflffi

237 1632 432 1682 lissimis
457 1636 723 1697 juvenibus,
746 1635 995 1689 Octaviam
1019 1637 1197 1685 Neroni
1224 1637 1440 1698 privigno
1468 1651 1571 1698 suo,

235 1699 499 1758 collocavit,
524 1700 682 1748 Silano
698 1708 803 1748 ante
823 1700 1163 1763 desponsatam.
1227 1700 1571 1761 Britannicum,

235 1763 459 1810 vicesimo
478 1764 658 1826 imperii
674 1764 763 1825 die,
781 1765 922 1827 inque
938 1764 1138 1812 secundo
1153 1762 1394 1812 consulatu
1406 1772 1572 1811 namm

235 1827 346 1887 sibi,
377 1828 628 1888 parvulum
658 1830 799 1875 etiam
827 1837 948 1889 tum,
981 1837 1027 1875 et
1053 1827 1212 1887 militi,
1241 1840 1327 1888 pro
1357 1829 1574 1875 concione

236 1891 459 1939 manibus
481 1893 579 1940 suis
605 1901 807 1955 gestans,
838 1902 886 1941 et
910 1892 1055 1955 plebi,
1077 1906 1159 1953 per
1187 1890 1448 1952 spectacula
1471 1906 1573 1953 gre-

234 1956 336 2003 mio
372 1963 455 2002 aut
493 1965 599 2004 ante
636 1972 684 2004 se
720 1958 934 2017 retinens,
974 1956 1159 2002 assidue
1203 1954 1571 2015 commendabat,

235 2018 500 2081 faustisque
521 2021 757 2068 ominibus
786 2036 894 2068 cum
925 2018 1282 2067 acclamantium
1304 2018 1440 2066 turba
1468 2034 1575 2081 pro-

235 2086 533 2147 sequebatur.
598 2085 641 2133 Ε
665 2087 843 2147 generis
866 2086 1100 2132 Neronem
1124 2082 1391 2143 adoptavit=
1427 2083 1575 2130 Pom.

232 2160 401 2259 {grem
433 2157 574 2258 ῃὲςιιε
595 2148 810 2198 Silanum
837 2164 932 2197 non
957 2147 1185 2196 recusavit
1218 2145 1375 2207 modo,
1412 2146 1493 2193 sed
1524 2154 1573 2194 et

381 2227 450 2258 mi

301 2274 322 2340 (
337 2274 443 2338 28.)
468 2275 763 2324 Libertorum
778 2276 1009 2339 praecipue
1023 2274 1235 2338 suspexit
1246 2272 1446 2320 Posiden
1464 2289 1573 2335 spa-

231 2339 423 2400 donem,
442 2355 582 2401 quem
602 2342 760 2402 etiam,
777 2341 1049 2388 Britannico
1066 2338 1320 2401 triumpho,
1344 2338 1462 2384 inter
1481 2339 1574 2385 mi-

228 2402 396 2452 litares
412 2405 533 2452 viros
553 2404 689 2453 hasta
703 2405 823 2469 pura
834 2405 1055 2453 donavit:
1080 2418 1164 2451 nec
1178 2403 1335 2450 minus
1350 2400 1571 2463 Felicem,

231 2482 382 2531 quem
403 2468 669 2517 cohortibus
697 2479 744 2516 et
764 2469 851 2517 alis
877 2468 1220 2531 provinciaeque
1240 2466 1277 2513 J
1279 2465 1425 2513 udaeae
1454 2481 1573 2529 prae-

227 2533 412 2594 posuit,
452 2532 596 2579 trium
631 2533 894 2596 reginarum
936 2534 1189 2579 maritum:
1227 2538 1275 2578 et
1310 2529 1573 2591 Arpocran,

229 2597 313 2644 cui
346 2594 511 2644 lectica
537 2612 620 2659 per
647 2598 824 2646 Urbem
854 2596 1066 2658 vehendi,
1103 2593 1454 2658 spectaculaque
1481 2610 1573 2658 pu-

227 2660 357 2715 blico
380 2659 563 2723 edendi,
582 2663 663 2726 jus
679 2661 868 2710 tribuit:
895 2676 965 2723 ac,
990 2675 1127 2727 super
1140 2659 1244 2721 hos,
1263 2658 1519 2724 Polybium
1540 2676 1573 2710 a
