1950 3100
582 155 716 221 (11.)
782 157 1163 209 AUGUSTUS.
1230 161 1308 223 24,
1552 164 1618 210 53

261 289 315 330 et
346 281 623 333 Armeniam
656 286 915 335 vindicanti
947 288 1083 336 facile
1117 295 1361 347 oemunt,
1398 296 1445 335 et
1480 288 1615 352 signa

262 347 502 408 militaria,
528 363 636 410 quae
652 350 728 397 M.
749 351 915 400 Crasso
936 362 984 399 et
1004 353 1079 400 M.
1096 352 1307 400 Antonio
1329 352 1608 414 ademerant,

262 414 517 473 reposcenti
547 413 859 475 reddiderunt,
895 417 1169 479 obsidesque
1207 417 1395 478 insuper
1429 417 1609 465 obtule-

262 484 401 523 runtt
436 476 653 539 denique,
686 479 899 541 pluribus
921 482 1161 542 quondam
1182 480 1239 527 de
1264 496 1405 543 regno
1426 496 1607 529 concer-

263 540 488 600 tantibus,
514 556 607 588 non
622 543 714 590 nisi
735 546 796 591 ab
819 545 922 607 ipso
943 546 1141 593 electum
1163 547 1588 606 comprobaverunt.

331 603 470 668 (22.)
517 605 699 655 Janum
730 607 1001 670 Quirinum,
1035 609 1178 657 semel
1208 616 1348 671 atque
1379 611 1547 657 iterum
1578 626 1608 658 a

264 669 453 716 condita
484 669 614 718 Urbe
653 673 924 720 memoriam
967 682 1073 721 ante
1117 688 1251 721 suam
1289 673 1515 734 clausum,
1556 675 1607 721 in

263 733 417 781 multo
438 734 641 782 breviore
671 738 888 798 temporis
919 739 1087 799 spatio,
1112 737 1232 784 terra
1260 738 1470 800 marique
1495 754 1608 801 pace

264 797 418 859 parta,
453 806 520 844 ter
546 799 695 847 clusit.
760 801 851 848 Bis
881 816 1026 849 ovans
1057 803 1289 863 ingressus
1318 810 1389 848 est
1410 803 1605 864 Urbem,

265 870 374 924 post
409 862 724 926 Philippense,
759 874 806 911 et
838 877 998 914 rursus
1032 873 1139 927 post
1166 864 1377 913 Siculum
1412 866 1605 914 bellum.

267 926 466 974 Curules
480 928 739 991 triumphos
752 937 841 977 tres
856 931 968 992 egit,
986 929 1324 992 Dalmaticum,
1337 928 1606 991 Actiacum,

266 990 660 1053 Alexandrinum,
685 995 902 1040 continuo
922 994 1078 1041 triduo
1099 1007 1273 1040 omnes.

250 1090 259 1107 2
332 1054 446 1119 (23.
505 1056 681 1104 Graves
693 1058 972 1119 ignominias
996 1057 1239 1119 cladesque
1260 1055 1377 1103 duas
1399 1056 1604 1118 omnino,

267 1133 353 1166 nec
383 1119 448 1167 ali
480 1121 498 1166 i
520 1135 663 1182 quam
685 1122 736 1168 in
759 1121 1027 1183 Germania,
1059 1122 1251 1183 accepit,
1273 1120 1542 1168 Lollianam
1561 1130 1611 1168 et

266 1183 552 1232 Varianamz
588 1185 668 1232 sed
698 1186 981 1233 Lollianam,
996 1186 1186 1247 majoris
1217 1185 1439 1244 hffaufiae,
1464 1199 1608 1247 quam

265 1248 557 1307 detrimenti3
590 1248 848 1297 Varianam
876 1264 1008 1312 paene
1037 1249 1341 1309 exitiabilem,
1364 1250 1513 1297 tribus
1541 1249 1609 1297 ls-

262 1313 501 1374 gionibus,
526 1327 633 1361 cum
654 1313 770 1361 duce
793 1315 1052 1378 legatisque
1082 1322 1129 1362 et
1158 1314 1349 1362 auxiliis
1369 1315 1603 1376 omnibus,

258 1378 411 1425 eoesis.
477 1377 586 1425 Hac
615 1379 845 1438 nuntiata,
869 1380 1089 1427 excubias
1114 1394 1196 1440 per
1216 1379 1393 1425 Urbem
1415 1377 1604 1438 indixit,

261 1455 322 1488 ne
345 1442 454 1503 quis
485 1442 714 1490 mmultus
744 1444 1008 1491 exsisteretz
1046 1450 1093 1490 et
1121 1443 1396 1505 praesidibus
1420 1443 1606 1503 provin-

256 1507 442 1555 ciarum
468 1508 746 1570 propagavit
774 1508 1039 1571 imperium,
1073 1516 1129 1556 ut
1151 1515 1199 1555 et
1228 1523 1257 1555 a
1284 1507 1444 1570 peritis
1464 1516 1511 1554 et
1532 1522 1606 1556 as-

256 1573 407 1619 suetis
436 1572 552 1619 socii
584 1574 930 1620 continerentur.
996 1573 1145 1621 Vovit
1173 1581 1222 1619 et
1250 1587 1446 1634 magnos
1469 1572 1607 1620 ludos

252 1636 376 1684 Jovi
397 1636 597 1698 Optimo
618 1637 855 1698 Maximo,
882 1639 918 1665 “
939 1638 981 1684 si
1008 1637 1270 1701 respublica
1297 1638 1348 1683 in
1370 1636 1608 1684 meliorem

258 1707 440 1749 statum
462 1702 669 1748 vertisset
682 1702 735 1749 ='’
769 1701 896 1764 quod
917 1701 1096 1749 factum
1118 1702 1354 1750 Cimbrico
1375 1701 1606 1749 Marsico-

254 1779 356 1827 que
376 1764 502 1812 bello
523 1773 632 1812 erat.
697 1765 836 1812 Adeo
851 1765 1049 1828 denique
1070 1774 1410 1813 consternatum
1433 1765 1602 1825 ferunt,

259 1838 333 1889 ut,
351 1843 435 1891 per
455 1830 696 1877 continuos
715 1843 894 1877 menses
913 1830 1061 1878 barba
1076 1830 1336 1892 capilloque
1357 1829 1606 1889 submisso,

256 1901 406 1955 eaput
426 1894 658 1944 interdum
679 1893 856 1941 foribus
876 1894 1091 1953 illideret,
1113 1894 1381 1951 vociferans,
1402 1894 1437 1920 “
1450 1892 1606 1949 Quin-

258 1958 337 2005 tili
350 1957 505 2018 svare,
536 1957 736 2020 legiones
764 1958 903 2005 redde
920 1959 973 2005 !'’
1007 1957 1224 2019 diemque
1243 1956 1388 2004 cladis
1410 1964 1608 2018 quotan-

256 2023 337 2070 nis
357 2031 577 2070 moestum
598 2021 812 2069 habuerit
831 2037 885 2070 ac
905 2021 1167 2084 lugubrem.

329 2085 470 2152 (24.)
504 2087 565 2133 In
585 2101 634 2133 re
653 2087 847 2133 militari
866 2094 914 2133 et
934 2084 1240 2133 commutavit
1267 2084 1435 2143 multa,
1459 2090 1507 2130 et
1532 2082 1608 2130 ina-

256 2152 445 2198 stituit:
482 2159 623 2213 atque
653 2152 794 2197 etiam
825 2150 886 2198 ad
916 2150 1166 2211 antiquum
1187 2162 1364 2195 morem
1383 2146 1609 2195 nonnulla

253 2216 507 2263 revocavit.
575 2215 889 2277 Disciplinam
909 2214 1192 2262 severissime
1213 2213 1363 2260 rexitz
1399 2226 1458 2258 ne
1479 2211 1605 2273 lega-

254 2287 416 2328 torum
446 2278 637 2343 quidem
671 2280 908 2342 cuiquam,
945 2279 1037 2327 nisi
1071 2285 1274 2340 gravate,
1310 2276 1607 2337 hibernisque

251 2343 452 2391 demum
507 2344 762 2403 mensibus,
817 2344 1029 2406 permisit
1081 2356 1274 2389 uxorem
1327 2340 1605 2387 intervisere.

254 2408 485 2472 Equitem
508 2407 795 2468 Romanum,
821 2407 947 2470 quod
969 2407 1153 2454 duobus
1176 2405 1285 2453 filiis
1307 2404 1606 2452 adolescenti.-

255 2473 362 2533 lms,
386 2472 531 2520 causa
542 2471 823 2519 detrectandi
843 2470 1132 2530 sacramenti,
1155 2470 1345 2533 pollices
1366 2466 1607 2531 amputas·-

252 2545 341 2598 αεὶ,
378 2539 540 2601 ipsum
571 2538 787 2598 bonaque
821 2537 1022 2597 subjecit
1051 2535 1224 2582 hastaex
1262 2548 1402 2596 quem
1431 2541 1604 2590 tamen,

249 2601 384 2666 quod
404 2601 651 2649 imminere
677 2599 868 2647 emtioni
900 2599 1174 2661 publicanos
1205 2598 1411 2709 videbat:3
1442 2597 1609 2644 liberto

1318 2676 1351 2709 F
