1950 3100
365 132 428 177 54
675 124 809 190 (11.)
871 123 1253 176 AUGUSTUS.
1320 129 1399 176 25.

349 270 457 305 ·suo
486 255 684 315 addixit,
716 263 772 302 nt
800 254 1055 317 relegatum
1086 258 1137 303 in
1168 271 1302 319 agros
1332 269 1418 318 pro
1445 253 1716 302 liberoesse

366 321 548 368 sineret.
582 319 829 366 Decimam
848 318 1094 382 legionem,
1118 322 1433 368 contumacius
1455 326 1714 394 pffltem,

370 398 496 494 {gentle
511 383 1555 524 iffiffitfflxmeissjtmgaoemffl
1541 396 1716 493 ιέἱιιῐὲιῒ

368 518 524 559 torum
550 509 891 575 [praemiorum]
914 514 1243 560 exauctoravit.
1277 513 1515 571 Cohortes,
1541 511 1582 558 si
1606 525 1717 572 quae

369 576 608 622 cessissent
626 575 745 635 loco,
763 576 1014 624 decimatas
1029 576 1200 624 hordeo
1213 578 1356 639 pavit.
1392 575 1715 633 Centuriones,

368 641 565 687 statione
603 639 796 700 deserta,
841 641 1020 700 itidem,
1065 648 1121 687 ut
1156 641 1483 703 manipulares,
1522 609 1717 702 capitali

368 703 761 751 animadversione
781 706 964 766 puniit.
991 720 1076 767 pro
1091 714 1253 752 caetero
1268 705 1715 765 delictorumgeneoe

367 769 508 816 variis
542 769 811 830 ignominiis
846 768 1015 829 affecit,
1050 776 1107 815 ut
1141 777 1261 816 stare
1293 784 1375 831 per
1407 777 1560 816 totum
1585 767 1713 815 diem

363 832 546 893 juberet
568 841 673 879 ante
692 833 977 895 praetorium,
1001 833 1234 880 interdum
1261 834 1490 880 tunicatos
1512 832 1712 879 discinc-

365 904 547 960 tosque,
589 910 926 959 nonnunquam
961 911 1070 945 cum
1108 897 1413 959 decempedis,
1451 897 1527 944 vel
1567 897 1713 945 etiam

366 963 600 1024 caespitem
621 969 866 1024 portantes.

430 1025 568 1090 (25.)
600 1026 786 1088 Neque,
808 1033 916 1087 post
935 1024 1060 1072 bella
1086 1024 1259 1083 civilia,
1292 1034 1375 1073 aut
1400 1025 1451 1072 in
1471 1026 1707 1086 concione,

365 1098 449 1138 aut
487 1105 568 1152 per
607 1089 826 1148 edictum,
864 1089 987 1136 ullos
1024 1089 1230 1136 militum
1266 1091 1303 1117 “
1333 1090 1708 1138 commilitone&

364 1155 647 1216 appellabat,
678 1153 811 1200 sed‘
815 1153 1073 1200 ‘milites·’
1126 1168 1181 1200 ac
1213 1167 1272 1200 ne
1306 1168 1336 1200 a
1369 1153 1479 1200 filiis
1513 1155 1706 1216 quidem

344 1227 448 1264 .aut
468 1217 694 1279 privignis
724 1218 837 1276 suis,
861 1217 1056 1278 imperio
1075 1217 1298 1279 praeditis,
1327 1217 1459 1264 aliter
1480 1219 1707 1281 appellari

363 1295 528 1343 passus
565 1288 663 1336 est,
699 1251 989 1327 ambitiosius
1027 1280 1078 1327 id
1114 1282 1401 1343 existimans,
1438 1296 1585 1344 quam
1624 1292 1708 1332 aut

360 1346 481 1393 ratio
500 1344 731 1402 militaris,
756 1353 837 1391 aut
859 1352 1120 1405 temporum
1136 1347 1283 1408 quies,
1306 1354 1389 1393 aut
1408 1361 1494 1394 sua
1514 1346 1707 1397 domins-

346 1424 456 1472 -que
499 1424 597 1456 suae
638 1410 871 1470 majestas,
917 1410 1185 1470 postularet.
1251 1410 1493 1458 Libertino
1534 1413 1705 1474 milite,

361 1481 668 1550 praeterquam
690 1472 856 1519 Romae
876 1473 1194 1520 incendiorum
1214 1475 1371 1535 causa,
1394 1483 1440 1521 et
1457 1476 1503 1524 si
1526 1477 1706 1524 tumul-

344 1545 437 1586 ,tus
458 1537 508 1584 in
530 1536 736 1600 graviore
756 1536 939 1585 annona
958 1546 1252 1598 metueretur,
1276 1540 1349 1587 bis
1370 1555 1484 1588 usus
1505 1549 1606 1599 est3
1635 1557 1706 1591 se-

358 1602 456 1650 mel
476 1602 537 1649 ad
564 1600 832 1663 praesidium
861 1602 1145 1650 coloniarum
1167 1602 1412 1666 Illyricum
1434 1606 1706 1668 continget»

344 1667 512 1723 tium·
554 1667 721 1713 iterum
764 1665 825 1712 ad
864 1666 1059 1713 tutelam
1101 1668 1215 1730 ripae
1258 1667 1415 1716 Rheni
1458 1668 1700 1730 fluminis3

357 1745 527 1793 eosque
553 1729 729 1791 [servos
756 1730 932 1807 adhuc]
966 1732 1077 1778 viris
1104 1730 1382 1795 feminisque
1409 1734 1701 1795 pecuniosio-

357 1797 488 1844 tibus
500 1795 712 1854 indictos,
730 1810 784 1843 ac
795 1796 893 1843 sine
908 1795 1040 1843 mora
1052 1797 1377 1873 manumissos,
1392 1798 1480 1844 sub
1497 1796 1698 1876 [priore]

344 1860 531 1911 -vexillo
551 1859 732 1918 habuit,
755 1874 905 1922 neque
932 1868 1016 1906 aut
1036 1861 1313 1909 commixtos
1334 1876 1442 1909 cum
1463 1862 1698 1925 ingenuis,

355 1933 441 1975 aut
481 1923 643 1972 eodem
679 1923 819 1972 modo
861 1932 1076 1972 armatos.
1141 1923 1284 1972 Dona
1323 1925 1561 1987 militaria,
1608 1929 1699 1976 ali-

356 1997 531 2053 quanto
543 1988 727 2035 facilius
747 1988 959 2050 phaleras
971 1996 1027 2035 et
1046 1997 1248 2051 torques,
1261 1997 1308 2036 et
1328 1989 1563 2052 quidquid
1583 2006 1700 2044 auro

346 2062 632 2116 argentoque
654 2061 893 2113 constaret,
916 2068 1062 2116 quam
1082 2053 1275 2100 vallares
1306 2068 1360 2101 ac
1388 2055 1591 2104 murales
1619 2072 1698 2105 co-

350 2132 505 2195 ronas,
539 2133 646 2179 quae
674 2116 846 2165 honore
875 2116 1199 2179 praecellerent,
1225 2117 1395 2165 dabat.
1430 2117 1518 2167 has
1550 2135 1696 2182 quam

352 2183 647 2259 parcissime,
658 2189 705 2228 et
725 2181 825 2228 sine
845 2182 1114 2241 ambitione,
1139 2196 1193 2229 ac
1214 2197 1336 2244 saepe
1356 2183 1499 2230 etiam
1520 2184 1696 2248 caliga-

348 2248 427 2307 tis,
454 2246 628 2293 tribuit.
695 2245 770 2292 Μ.
794 2244 1095 2307 Agrippam
1081 2260 1132 2291 ιιι
1153 2246 1329 2306 Sicilia,
1352 2255 1459 2308 post
1478 2249 1696 2298 navalem

352 2310 609 2367 victoriam,
649 2308 843 2357 eoeruleo
878 2309 1051 2357 vexillo
1088 2309 1290 2358 donavit.
1357 2310 1492 2359 Solos
1524 2314 1696 2361 trium·

352 2372 531 2433 phales,
555 2386 843 2447 quamquam
868 2380 917 2419 et
945 2374 1093 2420 socios
1121 2373 1487 2435 expeditionum,
1509 2384 1571 2423 et
1584 2392 1694 2439 par.

344 2435 529 2544 3352
542 2436 1073 2561 *ffifflffi
1090 2437 1699 2562 Zffqussssuffffissmsmmz

351 2558 583 2607 tribuendi
603 2575 674 2618 ea,
698 2563 870 2622 quibus
891 2563 1172 2612 vellentN
1121 2514 1260 2612 Nm
1281 2573 1438 2614 autem
1459 2567 1621 2618 minus
1644 2572 1697 2634 in

1875 232 1898 783 ³

1885 1278 1903 1980 ι
