1950 3100
322 122 397 169 -18
710 120 825 186 (ι.)
886 116 1153 177 sumus.
1192 121 1287 168 ω.

330 261 481 295 nuam
512 249 658 301 etiam
694 249 1029 298 habitationem
1068 248 1238 297 Romo
1278 259 1429 310 usque
1465 245 1529 295 ad
1564 247 1687 299 bina

335 312 1014 376 millianummminltalia
1044 311 1685 389 nonultraquingenosses-

335 377 508 437 tertios,
540 379 730 425 remisit.
790 377 988 441 Adjecit
1005 377 1201 439 epulum
1228 391 1283 423 ac
1312 376 1685 440 visen-ationem,

336 447 399 500 et,
417 449 525 502 post
535 440 897 504 Hispaniensem
906 441 1164 502 victoriam,
1177 440 1273 488 duo
1284 439 1493 502 prandia.
1527 441 1682 504 Nam,

339 519 449 551 cum
470 505 601 616 prius
620 520 771 568 parce,
803 521 953 568 neque
984 519 1068 568 pro
1086 504 1361 552 liberalitate
1381 504 1484 565 sud,
1508 506 1685 566 praebi-

340 575 444 617 tum
474 571 533 646 ju
532 569 719 631 dicaret,
752 571 918 634 quinto
953 578 1061 632 post
1090 569 1166 616 die
1201 568 1333 616 aliud
1360 568 1686 633 largissimum

407 694 546 763 (39.)
601 698 769 746 Edidit
804 698 1068 763 spectacula
1103 696 1221 746 varii
1256 697 1464 774 generis,
1504 711 1687 748 munus

341 760 699 824 gladiatorium3
733 763 871 812 ludos
907 764 1050 811 etiam
1081 762 1357 825 regionatim
1393 762 1524 809 Urbe
1561 762 1683 838 tota,

338 833 390 873 et
412 827 603 890 quidem
627 841 711 890 per
729 829 942 877 omnium
960 815 1230 890 linguarum
1248 826 1526 883 histriones3
1563 826 1686 875 item

343 890 594 953 Circenses,
629 892 842 956 athletas,
876 891 1219 940 naumachiam.
1284 889 1521 937 Munere
1507 905 1559 937 ιιι
1579 890 1686 939 foro

342 955 629 1020 depugnavit
649 957 822 1007 Furius
841 957 1090 1020 Leptinus,
1121 955 1263 1017 stirpe
1292 954 1521 1017 praetoriss,
1544 962 1593 1001 et
1612 955 1686 1015 Q..

344 1020 596 1085 Calpenus,
642 1030 823 1070 senator
859 1020 1114 1084 quondam,
1159 1027 1376 1080 actorque
1417 1033 1683 1067 causarum.

345 1085 654 1148 Pyrrhicham
682 1087 965 1135 saltaverunt
985 1084 1118 1132 Asiae
1148 1082 1481 1146 Bithyniaeque
1509 1083 1686 1145 prinei-

343 1163 463 1211 pum
491 1149 641 1197 liberi.
707 1149 860 1198 Ludis
887 1149 1114 1197 Decimus
1102 1147 1382 1259 dLaberius,
1415 1161 1559 1223 eques
1580 1147 1684 1196 Ro-

343 1226 528 1274 manus,
558 1214 761 1260 mimum
782 1227 923 1262 suum
943 1214 1067 1276 egit·
1102 1211 1394 1273 donatusque
1414 1212 1686 1274 quingentis

345 1277 563 1324 sestertiis
591 1285 638 1324 et
667 1277 842 1326 annulo
871 1293 1028 1339 aureo,
1062 1290 1240 1325 sessum
1259 1276 1311 1322 in
1333 1275 1688 1338 quatuordeeim

344 1354 372 1386 e
393 1340 528 1388 scena
548 1356 631 1404 per
650 1341 927 1390 orchestram
947 1341 1146 1390 transiit.
1195 1339 1506 1400 Circensibus,
1530 1341 1688 1403 spatio

347 1404 457 1451 circi
477 1405 538 1452 ab
550 1405 748 1468 utraque
769 1415 898 1468 parte
917 1406 1160 1468 producto,
1183 1412 1231 1452 et
1251 1404 1301 1450 in
1316 1418 1487 1467 gyrum
1496 1405 1689 1482 Euripo

346 1467 522 1529 addito,
546 1468 796 1532 quadrigas
813 1471 1041 1533 bigasque
1060 1478 1108 1518 et
1184 1483 1271 1516 uos
1291 1467 1425 1516 desul
1324 1469 1564 1517 esultorios
1584 1471 1690 1532 agi.

347 1540 562 1581 taverunt
580 1533 901 1583 nobilissimi
883 1550 1092 1598 Juvenes.
1126 1484 1355 1596 eff'rojam
1383 1531 1500 1583 lusit
1530 1541 1690 1584 turma

346 1597 542 1659 duplex,
577 1600 810 1661 majorum
840 1600 1169 1663 minorumque
1197 1613 1462 1662 puerorum.
1526 1598 1688 1647 Vena-

348 1661 496 1710 tiones
517 1663 652 1711 editoe
669 1677 753 1726 per
772 1664 871 1712 dies
893 1665 1010 1728 quin
1009 1679 1132 1728 queg
1166 1678 1223 1711 ac
1245 1663 1495 1711 novissime
1557 1678 1688 1741 ugus

349 1726 563 1775 divisain
577 1726 696 1777 duas
717 1728 868 1787 acies3
894 1728 1141 1791 quingenis
1160 1726 1411 1792 peditibus,
1429 1726 1530 1790 elep
1564 1730 1690 1777 antis

348 1791 537 1853 vicenis,
570 1792 754 1841 tricenis
848 1793 1028 1841 uitibus
1055 1792 1167 1840 hinc
1194 1800 1242 1840 et
1273 1791 1382 1840 inde
1409 1792 1685 1841 commissis.

351 1856 499 1919 Nam,
555 1871 619 1905 uo
638 1856 797 1905 laxius
935 1865 1129 1917 carettu,
1152 1855 1349 1905 sublata
1367 1864 1520 1918 metae,
1543 1857 1687 1920 inque

349 1935 510 1969 earum
548 1936 686 1970 ocum
706 1923 820 1970 bina
834 1930 984 1971 castra
996 1936 1057 1970 ex
1071 1920 1263 1969 adverso
1277 1921 1528 1970 constituta
1542 1930 1687 1969 aaut.

350 1985 576 2048 Athletoe,
615 1987 767 2035 stadio
801 1986 865 2036 ad
900 1996 1086 2050 tempus
1119 1992 1370 2045 exstructo,
1414 1985 1467 2032 in
1501 1986 1690 2047 regione

351 2050 521 2099 Martii
556 2050 729 2115 Campi
769 2058 1056 2102 certaverunt
1096 2063 1180 2112 per
1219 2050 1445 2098 triduum.
1510 2049 1691 2099 Navali

349 2115 528 2176 proelio‚
559 2116 610 2162 in
637 2114 1219 2165 minorecodetadefosso
1246 2114 1371 2175 lacu,
1404 2114 1601 2162 biremes
1632 2130 1689 2163 ac

350 2179 556 2227 triremes
578 2179 981 2243 quadriremesque
1000 2178 1163 2243 Tyria
1190 2186 1240 2226 et
1265 2178 1508 2242 AEgyptiae
1527 2178 1691 2229 elassis

350 2258 524 2320 magno
543 2252 857 2307 pugnatorum
877 2258 1071 2292 numero
1091 2241 1412 2293 conflixerunt.
1472 2242 1559 2293 Ad
1581 2258 1691 2307 quae

831 2315 1018 2357 tantum
1046 2306 1255 2370 undique
1280 2306 1507 2356 confluxit
1535 2307 1691 2356 homi

344 2384 485 2432 num,
380 2322 565 2417 mmaut
584 2369 792 2435 plerique
823 2371 1029 2435 advena,
1062 2378 1147 2421 aut
1174 2372 1295 2422 inter
1324 2372 1452 2420 vicos
1471 2380 1553 2420 aut
1571 2373 1694 2421 inter

353 2433 1302 2513 viastabernseulispositis,msnerent‚
1335 2450 1560 2499 acsaepe,
1593 2451 1694 2500 pra·

352 2495 506 2556 turba,
530 2497 632 2545 elisi
652 2500 999 2562 exanimatique
1017 2500 1111 2549 sint
1129 2499 1339 2563 plurimi,
1362 2507 1409 2548 et
1428 2500 1481 2547 in
1499 2501 1576 2550 his
1596 2496 1694 2550 duo

346 2567 593 2612 senatores.

416 2620 558 2688 (40.)
590 2624 849 2676 Conversus
868 2627 981 2677 hinc
1009 2626 1070 2675 ad
1091 2627 1399 2679 ordinandum
1421 2628 1690 2698 reipublicae
