1950 3100
538 150 660 215 (V.)
725 149 1096 199 CLAUDIUS
1163 152 1550 202 33.191

290 277 428 344 (30.)
459 279 730 327 Auctoritas
765 278 1063 341 dignitasque
1094 278 1256 326 formae
1283 291 1377 326 non
1404 275 1555 334 detuit

233 344 297 391 vel
316 343 471 403 stanti,
490 343 564 391 vel
585 343 777 402 sedenti,
795 358 849 390 ac
870 343 1100 405 praecipue
1121 342 1386 419 quiescenti.
1421 342 1551 389 Nam

230 417 273 454 et
297 378 494 469 prolixo,
527 422 612 455 nec
639 407 770 467 exili,
805 421 991 469 corpore
1019 415 1143 464 erat3
1178 415 1226 454 et
1245 407 1394 469 speeie
1422 406 1550 453 cani-

230 473 372 533 tieque
393 472 604 534 pulchra,
637 472 807 534 opimis
840 472 1108 520 cervicibus.
1157 471 1389 519 Caeterum
1409 479 1457 517 et
1476 470 1551 517 in-

229 536 497 598 gredientem
535 536 846 583 destituebant
885 536 1084 597 poplites
1121 535 1278 583 minus
1316 534 1470 592 firmi3
1505 543 1553 582 et

227 601 404 676 remisse
420 600 536 661 quid
553 599 627 646 vel
639 600 755 675 serio
768 608 980 676 agentem
995 599 1147 647 multa
1161 599 1523 709 debonesssabant
1533 616 1548 646 ε

227 678 347 775 {33:¹³
357 664 1552 838 ἴξῗιῗῗέ“;ῬὶἷέωιἛἘὲ’ςίἓ“Ξὲἳῗῃ’ἐῖ“ἐῳΐξΐξ

228 807 330 839 cum
373 806 566 853 semper,
607 801 709 839 tum
750 792 800 837 in
838 792 1268 854 quantulocumque
1312 799 1436 851 actu,
1477 791 1552 839 vel

226 856 424 902 maxime
446 856 711 903 tremulum.

288 918 417 984 (31.)
449 918 731 968 Valetudine
759 919 881 967 sicut
908 919 1024 967 olim
1055 919 1204 982 gravi,
1237 920 1306 965 ita
1331 918 1554 980 Princeps

224 984 514 1045 perprospera
535 999 648 1031 usus
670 992 754 1044 est,
785 992 979 1045 excepto
1007 983 1234 1032 stomachi
1262 981 1433 1041 dolore,
1457 997 1554 1043 quo

221 1055 547 1158 mmmm
568 1048 710 1095 etiam
729 1048 788 1095 de
816 1047 1139 1096 consciscenda
1159 1054 1307 1100 morte
1327 1046 1552 1108 comtasse

287 1174 425 1240 (32.)
457 1175 686 1224 Convivia
716 1175 912 1237 agitavit
942 1184 988 1222 et
1018 1174 1177 1238 ampla
1196 1183 1242 1223 et
1273 1173 1473 1251 assidua,
1497 1190 1551 1222 ac

221 1239 312 1287 fere
331 1240 661 1302 patentissimis
681 1240 812 1299 locis,
838 1248 891 1287 ut
910 1240 1185 1303 plerumque
1210 1240 1470 1287 sexcenteni
1491 1240 1554 1287 si-

221 1304 322 1351 mul
344 1304 693 1352 discumberent.
759 1303 1048 1352 Convivatus
1082 1311 1152 1352 est
1178 1312 1226 1351 et
1253 1318 1391 1365 super
1418 1303 1555 1351 emis-

221 1369 395 1416 sarium
439 1368 608 1415 Fucini
647 1369 792 1429 lacus,
840 1384 895 1417 ac
940 1384 1074 1430 paene
1117 1370 1399 1427 submersus,
1445 1382 1556 1415 cum

221 1433 392 1480 emissa
411 1433 587 1494 impetu
610 1447 735 1495 aqua
754 1432 1068 1481 redundasset.
1132 1432 1406 1480 Adhibebat
1428 1433 1558 1480 omni

220 1511 360 1545 coenae
372 1505 418 1543 et
428 1496 596 1545 liberos
609 1512 717 1545 suos
732 1512 841 1544 cum
852 1498 1008 1560 pueris
1025 1497 1286 1561 puellisque
1301 1496 1555 1557 nobilibus,

221 1563 321 1624 qui,
346 1577 474 1610 more
495 1563 650 1623 veteri,
669 1562 730 1609 ad
750 1561 900 1610 fiilcra
919 1562 1143 1611 lectorum
1165 1563 1385 1622 sedentes,
1406 1577 1558 1609 vesce-

218 1634 391 1677 rentur.
445 1625 681 1686 Convivae,
704 1628 789 1688 qui
809 1626 958 1688 pridie
979 1627 1208 1690 scyphum
1236 1641 1427 1674 aureum
1456 1641 1557 1674 sur-

218 1691 418 1802 eze:
436 1691 1286 1803 *mmmmm
1301 1698 1558 1801 esee

218 1819 445 1879 edictum,
479 1820 515 1846 “⁹
537 1833 632 1881 quo
654 1769 836 1866 vlgffim
868 1818 1011 1879 daret,
1044 1819 1210 1867 flatum
1241 1818 1559 1879 crepitumque

219 1883 397 1930 ventris
425 1883 476 1929 in
504 1884 716 1931 convivio
746 1883 1040 1940 emittendi3’
1043 1885 1216 1944 ’cum,
1248 1881 1560 1944 periclitatum

216 1946 477 2011 quemdam
497 1962 593 2010 prae
613 1947 789 2024 pudore
809 1962 870 1995 ex
891 1948 1189 2007 continentia,
1211 1947 1466 2009 reperisset.

285 2013 307 2075 (
325 2010 430 2076 33.)
464 2011 573 2059 Cibi
589 2011 780 2074 vinique
800 2027 1098 2076 quocumque
1116 2020 1164 2060 et
1178 2020 1382 2089 tempore
1397 2019 1443 2058 et
1456 2010 1560 2058 loco

216 2076 647 2138 appetentissimus.
701 2075 992 2138 Cognoscens
1014 2076 1291 2139 quondam
1276 2090 1328 2122 m
1347 2075 1562 2138 Augusti

215 2140 340 2200 foro,
389 2141 602 2202 ictusque
644 2139 804 2188 nidore
845 2141 1046 2203 prandii,
1093 2141 1220 2204 quod
1255 2141 1305 2186 in
1346 2139 1565 2202 proxima

214 2204 401 2252 Martis
435 2203 533 2251 aede
567 2204 707 2253 Saliis
742 2220 772 2252 a
771 2206 1069 2267 ppei-abatur,
1109 2205 1286 2252 deserto
1323 2203 1563 2263 tribunali,

213 2268 466 2317 adscendit
485 2267 546 2315 sd
568 2268 838 2329 sacerdotes,
861 2269 1050 2330 unaque
1080 2268 1317 2316 decubuit.
1374 2268 1478 2315 Nec
1499 2276 1567 2314 te-

212 2332 1020 2459 ffissssituffiffifimfflsussmmo
1000 2330 1569 2458 ἕζεῖῗὲωῗίᾞῗὲῃξ

210 2461 371 2522 pinna
393 2461 444 2507 in
466 2475 518 2509 os
540 2460 787 2522 inderetur,
811 2461 872 2509 ad
892 2459 1237 2511 exonerandum
1260 2457 1566 2506 stomachum.

209 2526 392 2574 Somni
412 2526 676 2573 brevissimi
705 2534 831 2582 erat,
868 2524 1002 2589 (nam
1031 2532 1137 2571 ante
1157 2522 1361 2571 mediam
1388 2529 1570 2569 noctem

208 2589 506 2652 plerumque
536 2588 808 2702 wig-nabat)
841 2597 896 2636 ut
933 2597 1090 2637 tamen
1128 2586 1326 2636 interdiu
1358 2600 1571 2634 nonnun-

213 2668 377 2715 quam
404 2655 455 2701 in
474 2655 579 2716 jure
650 2654 795 2702 oendo
817 2652 1186 2713 obdormisceret,
1212 2652 1385 2714 vixque
1409 2652 1469 2699 ab
1492 2649 1574 2698 sd-
