1950 3100
556 159 685 237 (v.)
751 173 1119 223 CLAUDIUS.
1187 176 1260 221 45.
1493 175 1583 231 1⁰7

252 315 337 363 que
372 299 574 349 Neronis
618 301 879 365 adoptione,
918 303 1134 350 dederat:
1171 301 1419 364 siquidem,
1458 318 1583 350 com-

250 366 606 412 memorantibus
628 367 822 427 libertis,
846 382 900 415 ac
924 367 1227 415 laudantibus
1253 368 1577 429 cognitionem,

249 430 341 492 qua
360 429 510 491 pridie
530 431 786 492 quamdam
808 432 1023 479 adulterii
1042 448 1167 479 ream
1185 431 1578 493 condemnaverat,

251 497 285 522 ‘⁴
305 494 395 541 sibi
417 509 482 557 qu
545 509 605 541 ue
626 496 675 541 in
696 496 807 545 fatis
829 498 980 556 esse‚”
1009 497 1217 558 jactavit,
1243 499 1278 524 ‘⁴
1301 497 1459 543 omnia
1488 497 1579 543 im-

167 617 172 624 *
247 558 431 622 pudica,
465 509 546 605 023
569 560 663 606 n'on
688 560 920 622 impunita
951 561 1298 608 matrimonia-'⁹
1363 561 1430 608 Et
1467 563 1578 608 sub-

248 623 351 669 inde
388 622 581 670 obvium
620 624 708 672 sibi
736 624 1062 673 Britannicum
1096 626 1266 672 arctius
1288 625 1575 687 complexus,

247 686 453 735 hortatus
483 695 568 747 est,
596 690 630 717 ‘⁶
652 697 707 735 ut
733 698 960 751 cresceret,
994 690 1310 751 rationemque
1338 704 1368 736 a
1396 704 1446 737 se
1475 705 1576 737 om-

248 752 380 799 nium
422 750 647 799 sactorum
691 754 913 816 acciperet
929 755 984 812 ;”
1031 755 1195 801 Graeca
1237 754 1425 816 insuper
1467 770 1578 803 voce

248 823 530 879 prosecutus,
553 817 608 862 ‘O
630 835 810 881 τρωσας
832 837 902 863 και
926 836 1119 864 nacerat.
1153 818 1370 879 Cumque
1391 819 1576 880 impubi

246 880 1577 1009 fflafflg’fflfflffiffiffiuffl

246 1024 414 1057 manus
435 1024 595 1058 verum
616 1010 844 1058 Caesarem
863 1010 1084 1057 habeat.”

312 1072 333 1150 ζ
349 1072 451 1137 44.)
466 1073 578 1121 Non
594 1074 837 1136 multoque
849 1084 955 1136 post
970 1081 1298 1121 testamentum
1311 1073 1453 1120 etiam
1469 1088 1576 1121 con-

248 1138 446 1200 scripsit,
465 1153 519 1185 ac
535 1139 680 1201 signis
696 1140 907 1186 omnium
920 1139 1279 1200 magistratuum
1301 1138 1577 1200 obsignavit.

248 1203 387 1250 Prius
415 1203 573 1265 igitur,
610 1218 754 1265 quam
786 1203 909 1251 ultra
927 1203 1286 1265 progrederetur,
1317 1211 1576 1265 praeventus

242 1274 314 1315 est
351 1268 411 1314 ab
444 1267 727 1330 Agrippina,
757 1283 917 1331 quam,
953 1276 1118 1329 praeter
1148 1267 1264 1327 haec,
1301 1268 1577 1315 conscientia

244 1346 451 1395 quoque,
480 1345 565 1378 nec
594 1333 751 1380 minus
775 1332 1014 1393 delatores,
1044 1332 1299 1380 multorum
1328 1329 1575 1379 criminum

243 1398 512 1459 arguebant.
577 1396 645 1445 Et
674 1411 849 1444 veneno
873 1397 1064 1460 quidem
1095 1397 1298 1445 occisum
1330 1398 1570 1444 convenit:

242 1462 327 1508 ubi
356 1469 530 1520 autem,
559 1468 607 1507 et
633 1476 715 1523 per
738 1476 880 1523 quem
908 1461 1034 1523 dato,
1056 1462 1296 1523 discrepat.
1362 1461 1574 1520 Quidam

243 1525 449 1588 tradunt,
495 1524 703 1588 epulanti
744 1527 796 1573 in
830 1541 931 1574 arce
973 1541 1082 1575 cum
1127 1525 1453 1587 sacerdotibus,
1493 1541 1575 1589 per

244 1591 479 1639 Halotum
500 1590 751 1651 spadonem
771 1600 1178 1654 praegustatorem3
1204 1590 1300 1652 alii,
1325 1591 1575 1638 domestico

241 1655 473 1768 ffizvffss’
496 1655 1574 1767 ἓῗῑέέὶζᾘοᾼξῗέἒέἑωίἓέῗηῗοιὲῗιᾟθὲῖ

240 1786 408 1833 Etiam
429 1784 487 1831 de
507 1784 892 1846 subsequentibus
913 1784 1094 1832 diversa
1114 1784 1242 1830 fama
1267 1791 1349 1829 est.
1404 1783 1571 1844 Multi,

238 1849 422 1910 statim,
444 1848 613 1895 hausto
634 1862 823 1908 veneno,
853 1849 1142 1895 obmutuisse
1170 1847 1319 1904 aiunt,
1343 1848 1574 1893 excrucia-

237 1923 443 1976 tumque
462 1912 698 1960 doloribus
719 1920 851 1960 nocte
870 1913 986 1973 tota7
1010 1911 1225 1965 defecisse
1244 1924 1386 1972 prope
1406 1909 1572 1957 lucem.

241 1977 482 2027 Nonnulli
511 1977 630 2024 inter
658 1977 795 2023 initia
824 1977 1132 2038 consopitum,
1161 1972 1341 2033 deinde,
1373 1974 1476 2021 cibo
1505 1974 1575 2021 af.

237 2044 435 2104 fluente,
457 2041 715 2090 evomuisse
742 2041 917 2100 omnia,
947 2040 1194 2103 repetitum
1228 2053 1285 2085 ue
1308 2039 1477 2098 toxico,
1502 2039 1574 2085 in-

237 2116 439 2169 certum,
461 2105 640 2169 pultine
670 2105 844 2167 addito,
868 2119 977 2153 cum
999 2104 1127 2152 velut
1150 2119 1175 2150 e
1270 2111 1429 2149 ustum
1450 2102 1574 2149 refici

232 2174 350 2222 cibo
371 2178 611 2234 oporteret,
633 2183 693 2215 an
714 2170 926 2219 immisso
945 2183 1029 2232 pet
1049 2168 1304 2231 clysterem,
1328 2175 1398 2227 ut,
1439 2167 1575 2228 quasi

229 2235 532 2286 abundantia
561 2233 805 2296 laboranti,
839 2235 981 2282 etiam
1014 2233 1103 2281 hoc
1135 2246 1296 2296 genere
1330 2231 1575 2293 egestionis

229 2301 575 2350 subveniretur.

302 2362 447 2431 (45.)
478 2365 614 2413 Mors
638 2365 743 2426 ejus
771 2363 917 2411 celata
943 2371 1028 2424 est,
1063 2362 1207 2409 donec
1242 2360 1361 2407 circa
1394 2370 1573 2406 succes-

225 2445 391 2480 sorem
428 2430 587 2477 omnia
619 2427 950 2476 ordinarentur.
1018 2425 1186 2489 Itaque
1220 2432 1280 2484 et,
1322 2424 1455 2486 quasi
1491 2438 1573 2485 pro

224 2509 378 2559 segre,
406 2484 562 2541 adh'uc
583 2501 692 2541 vota
720 2501 934 2554 suscepta
963 2499 1088 2552 sunt,
1121 2497 1168 2537 et
1195 2489 1373 2535 inducti
1401 2503 1481 2550 per
1510 2489 1573 2535 si-

221 2559 544 2608 mulationem
572 2557 783 2618 comoedi,
807 2558 891 2620 qui
921 2556 1051 2605 velut
1071 2554 1399 2602 desiderantem
1421 2551 1571 2600 oblec-

221 2632 400 2673 tarent.
464 2622 682 2670 Excessit
705 2622 835 2669 tertio
858 2620 975 2669 Idus
999 2620 1231 2679 Octobris,
1250 2618 1419 2665 Asinio
1440 2618 1493 2665 M
1501 2633 1572 2665 ar-

217 2689 367 2750 cella,
392 2687 553 2735 Acilio
573 2686 766 2747 Aviola,
792 2686 1079 2745 consulibus,
1114 2691 1354 2794 quarto3et
1384 2696 1573 2743 sexage-

1230 2763 1253 2795 s
