1950 3100
745 449 1335 515 HORATII

874 559 1225 642 VITA

908 780 911 789 .
929 749 1164 795 -4-

383 881 610 930 Horatius
644 881 856 942 Haecus,
893 882 1182 943 Venusinus,
1218 889 1349 945 patre
1384 881 1462 947 (ut
1496 882 1597 946 ipse
1634 891 1723 930 tra-

381 945 474 1010 dit)
495 946 724 1007 libertino,
746 954 794 993 et
811 948 1109 995 exactionum
1129 956 1366 1004 ooacwre3
1400 954 1457 993 ιιι
1485 961 1593 994 vero
1630 962 1723 994 cre-

352 1062 360 1070 ,
385 1010 539 1058 ditum
560 1019 644 1072 est,
667 981 1042 1067 sufflammat-103
1078 1026 1188 1059 cum
1208 1011 1282 1058 illi
1302 1010 1533 1074 quidam
1518 1025 1569 1057 ιιι
1591 1010 1724 1058 alter-

385 1077 566 1123 catione
605 1074 994 1137 exprobrasseg‘
998 1075 1234 1134 ‘Quoties
1275 1090 1363 1138 ego
1405 1075 1505 1122 vidi
1546 1083 1722 1137 patrem

382 1147 522 1187 tuum
542 1140 700 1186 cubito
721 1155 770 1186 se
789 1141 1183 1202 emungentem'”
1248 1139 1387 1186 Bello
1414 1139 1722 1202 Philippensi,

380 1204 561 1251 excitus
583 1219 614 1250 a
626 1203 792 1255 Marco
803 1203 954 1251 Bruto
973 1204 1261 1266 imperatore,
1285 1204 1500 1250 tribunus
1519 1203 1724 1251 militum

381 1268 579 1314 meruit.
616 1267 842 1329 victisque
870 1269 1099 1330 partibus,
1124 1268 1259 1316 venia
1277 1267 1551 1329 impetrata,
1584 1268 1724 1329 serip-

379 1331 1566 1456 aussdquxsutgsutffggpaaffigtmffimffl
1551 1396 1602 1442 in
1622 1410 1721 1442 am-

379 1459 547 1504 borum
567 1458 774 1505 amicitia
791 1458 950 1506 locum
971 1461 1135 1508 tenuit.
1185 1460 1422 1507 Maecenas
1443 1467 1723 1523 quantopere

379 1535 502 1635 ειιιξιι
522 1520 752 1585 dilexerit,
792 1524 906 1573 satis
938 1533 1223 1574 monstratur
1258 1523 1343 1572 illo
1375 1524 1724 1587 epigrammate,

381 1602 416 1633 u
449 1602 468 1633 1
487 1586 671 1649 inquit:

513 1717 549 1744 “
569 1716 640 1764 Ni
660 1722 706 1764 te
727 1717 977 1766 visceribus
998 1719 1130 1778 meis,
1154 1717 1341 1777 Horati,

513 1780 749 1844 Plusjam
806 1783 816 1793 “
918 1781 1396 1842 ,ιιιιιιιιιιιεοὼΙειιι

514 1844 780 1911 [Hinnulo]
804 1847 852 1893 vi
885 1862 961 1895 eas
982 1847 1344 1909 strigosiorem.”

381 1973 475 2021 Sed
493 1974 646 2022 multo
657 1974 809 2036 magis
824 1975 1059 2036 extremis,
1074 1974 1160 2022 tali
1175 1974 1237 2021 ad
1247 1974 1527 2037 Augustum
1541 1972 1725 2034 elogio·

387 2038 632 2087 “Horatii
652 2038 828 2099 Flacci,
853 2047 906 2086 ut
924 2039 1035 2098 mei,
1062 2054 1240 2086 memor
1260 2039 1408 2086 esto.”
1474 2036 1731 2099 Augustus

380 2104 424 2148 ei
445 2102 745 2179 epistolarum
765 2102 971 2150 officium
993 2103 1182 2165 obtulit,
1209 2110 1265 2150 ut
1285 2102 1375 2149 hoc
1403 2100 1466 2149 ad
1490 2100 1729 2149 Maeoena-

380 2173 477 2213 tem
497 2167 668 2229 scripto
697 2166 955 2230 signifieat·
995 2167 1183 2214 ‘Ante
1210 2168 1310 2229 ipse
1339 2164 1594 2214 scribendis
1626 2165 1731 2226 epi-

382 2230 514 2277 stolis
535 2233 791 2279 amicorum
812 2230 1126 2279 sufficiebam:
1162 2245 1288 2278 nune
1320 2229 1731 2307 occupatissimus,

378 2302 426 2339 et
445 2293 674 2355 infirmus,
698 2295 952 2343 Horatium
973 2303 1185 2343 nostrum
1205 2310 1236 2342 a
1255 2303 1302 2342 te
1322 2296 1463 2357 cupio
1483 2292 1733 2340 abducere.

378 2356 551 2404 Veniet
553 2373 678 2432 ergo
697 2360 758 2405 ab
776 2359 868 2407 ista
881 2359 1129 2422 parasitica
1142 2359 1304 2407 mensa
1319 2359 1381 2406 ad
1396 2358 1517 2405 hane
1530 2357 1733 2418 regiam,

374 2427 422 2464 et
441 2434 527 2466 nos
549 2421 600 2467 in
622 2423 874 2470 scribendis
893 2423 1102 2485 epistolis
1120 2424 1358 2485 juvabit.”
1413 2422 1492 2470 Ae
1512 2435 1573 2467 ne
1592 2435 1734 2468 recu-

379 2483 501 2528 santi
523 2484 712 2545 quidem
741 2495 826 2534 aut
854 2487 1115 2535 succensuit
1134 2487 1413 2550 quidquam,
1444 2492 1531 2533 aut
1561 2485 1732 2532 amiei-

375 2543 490 2589 tiam
528 2561 662 2594 suam
698 2550 900 2611 ingerere
937 2551 1090 2600 desiit.
1154 2552 1361 2600 Exstant
1396 2549 1622 2613 epistole,
1666 2563 1732 2594 ex

375 2606 566 2667 quibus,
600 2615 861 2673 argumenti
892 2615 1061 2677 gratia,
1095 2630 1248 2679 pauca
1272 2616 1483 2678 subjeci:
1523 2615 1560 2643 ‘⁴
1583 2613 1742 2661 Sume
