1950 3100
351 165 416 214 44
679 163 700 225 (
718 161 790 209 11
795 160 816 224 )
878 158 1260 209 AUGUSTUS.
1327 159 1374 216 7.

350 289 538 338 mularii
567 260 796 351 nepotem,
830 288 898 336 sic
922 294 1055 334 taxat
1074 287 1381 349 Augustum·
1418 288 1456 316 ‘⁶
1470 285 1698 334 Materna

350 355 439 402 tibi
481 353 631 400 farina
671 368 730 400 ex
774 351 1048 400 crudissimo
1083 351 1259 399 Arieiae
1299 350 1522 412 pistrino·
1566 349 1695 399 hanc

351 419 490 466 finxit
542 418 760 465 manibus
804 414 990 478 collybo
1040 414 1310 462 decoloratis
1353 414 1692 463 Nerulonensis

350 481 712 658 Ξῖὲῗῧοαωε
735 551 805 590 est
825 544 1093 653 Auguxstus,
1118 542 1194 590 M.
1215 542 1380 589 Tullio
1401 542 1621 590 Cicerone
1644 551 1696 592 et

351 610 581 721 ωιιεωεῗὲε
593 606 1696 733 ἒιῗιὲὲαὲῳωεῗᾚΐαὲὅΐξιῇηδὼ

353 739 439 786 ubi
459 752 583 785 nunc
604 737 855 785 sacrarium
869 736 1027 795 habet,
1044 732 1286 797 aliquanto
1304 743 1427 797 post,
1445 749 1591 797 quam
1606 750 1696 783 ex-

352 802 504 861 cessit,
518 803 834 850 constitutum.
860 801 1008 859 Nam,
1024 807 1079 845 ut
1092 801 1276 846 senatus
1288 800 1401 847 actis
1414 799 1696 875 continetur,

353 881 463 914 cum
485 865 541 913 C.
567 866 812 926 Leton-ius,
835 864 1096 913 adolescens
1116 863 1300 925 patricii
1321 863 1513 925 generis,
1537 863 1588 910 in
1610 863 1699 912 de-

349 931 579 994 precanda
599 931 807 994 graviore
825 928 1042 976 adulterii
1060 927 1214 990 piena,
1237 935 1402 989 praeter
1416 935 1600 974 aetatem
1621 937 1699 976 at-

353 1011 447 1059 que
474 996 666 1057 natales,
695 995 784 1042 hoc
810 1008 999 1057 quoque
1027 992 1248 1039 Patribus
1277 992 1544 1053 conscriptis
1578 991 1699 1039 ana.

351 1055 1698 1132 garenseoeseposoessoremacvelutaedituummli,

610 1260 694 1311 est,
717 1258 774 1298 ut
792 1265 848 1297 ea
866 1265 973 1312 pars
996 1249 1161 1297 domins
1182 1256 1527 1297 consecraretur.

421 1313 441 1378 (
457 1313 528 1391 6)
559 1315 965 1362 Nutrimentorum
987 1317 1089 1375 ejus
1108 1312 1365 1360 ostenditur
1385 1312 1538 1360 adhuc
1558 1312 1696 1361 locus

355 1378 407 1425 in
441 1388 567 1426 avito
600 1380 865 1426 suburbano
894 1379 1035 1439 juxta
1065 1376 1269 1424 Velitras
1303 1376 1609 1454 permodicus,
1647 1385 1699 1426 et

354 1442 483 1490 oellae
505 1442 737 1505 penuarioe
758 1442 930 1489 instar.
968 1449 1182 1504 tenetque
1204 1442 1488 1489 vicinitatem
1511 1441 1694 1503 opinio,

354 1513 600 1583 tamquam
621 1514 667 1553 et
687 1514 825 1554 natus
847 1506 915 1553 ibi
937 1506 1012 1554 sit.
1070 1504 1183 1554 Huc
1201 1506 1403 1566 introire,
1426 1505 1519 1553 nisi
1537 1519 1700 1555 necess

356 1573 478 1619 sario
502 1579 550 1619 et
574 1580 712 1630 caste,
737 1570 899 1633 religio
923 1579 1023 1629 cst3
1058 1571 1277 1633 concepta
1297 1570 1512 1633 opimone
1534 1572 1696 1631 veteri,

355 1635 492 1698 quasi
527 1644 694 1683 temere
727 1635 1006 1683 adeuntibus
1041 1633 1201 1683 horror
1233 1634 1428 1698 quidam
1461 1642 1508 1681 et
1537 1642 1698 1683 metus

354 1700 629 1762 objiciatur.
666 1699 746 1748 sed
769 1707 817 1746 et
836 1714 949 1749 mox
974 1698 1244 1747 confirmata
1263 1707 1346 1748 est.
1411 1698 1556 1758 Nam,
1583 1713 1700 1746 cum

353 1763 905 1826 possessorvillaenovus,
928 1779 1011 1811 seu
1031 1763 1166 1823 forte,
1198 1778 1280 1811 seu
1301 1761 1508 1810 tentandi
1532 1762 1694 1824 causa,

355 1829 571 1877 cubitum
593 1844 642 1876 se
661 1844 717 1877 eo
733 1828 1030 1885 contulisset3
1055 1828 1223 1888 evenit,
1246 1836 1317 1887 ut,
1340 1835 1448 1890 post
1466 1827 1700 1889 paucissi-

355 1907 459 1942 mas
489 1895 637 1942 noctis
664 1893 817 1953 horas,
847 1894 1120 1940 exturbatus
1147 1862 1256 1939 inde
1279 1892 1435 1940 subita
1461 1891 1510 1938 vi
1542 1898 1590 1938 et
1621 1891 1699 1937 in-

353 1958 503 2036 certa,
515 1974 646 2021 paene
667 1958 967 2019 semianimis,
986 1955 1425 2046 cumstratosimul,
1448 1963 1555 2002 ante
1576 1954 1701 2003 fores

351 2023 643 2071 invenirem.

421 2085 528 2151 (7.)
584 2086 764 2135 Infanti
807 2099 1061 2161 cognomen
1109 2085 1320 2132 murino
1361 2082 1566 2131 inditum
1607 2090 1698 2143 est,

352 2150 405 2197 ιιι
427 2152 698 2199 memoriam
727 2153 960 2213 majorum
985 2149 1206 2210 originis3
1242 2147 1316 2194 vel
1338 2147 1481 2210 quod,
1508 2147 1698 2208 regione

357 2214 589 2274 Titurinfi,
622 2230 776 2263 recens
806 2230 861 2262 eo
891 2221 1019 2272 nato,
1053 2220 1183 2275 pater
1212 2212 1442 2261 Octavius
1473 2210 1698 2259 adversus

355 2278 580 2340 fugitivos
600 2294 697 2326 rem
718 2293 931 2341 prospere
951 2284 1164 2339 gesserat.
1234 2275 1502 2323 Thurinum
1524 2287 1698 2336 cogno-

354 2343 604 2403 minatum,
638 2344 750 2390 satis
781 2341 903 2390 certa
925 2342 1198 2404 probatione
1218 2340 1501 2399 tradiderim,
1528 2346 1701 2386 nacms

356 2404 581 2464 puerilem
613 2405 962 2468 imagunculam
988 2408 1091 2466 ejus
1116 2419 1280 2453 ceream
1302 2412 1517 2461 veterem,
1540 2402 1703 2450 ferreis

357 2481 412 2513 ac
432 2482 564 2541 paene
590 2472 693 2531 Jam
721 2470 1085 2517 exolescentibus
1112 2468 1273 2527 literis,
1302 2467 1392 2515 hoc
1414 2467 1602 2514 nomine
1624 2466 1710 2513 in..

356 2530 608 2589 smiptam3
675 2533 921 2591 uae‚dono
943 2548 973 2579 a
992 2547 1070 2578 me
1091 2532 1300 2592 Principi
1323 2531 1448 2589 data,
1476 2531 1595 2578 inter
1616 2544 1711 2577 cu..

681 2596 786 2642 tur.
853 2596 946 2643 Sed
967 2604 1015 2642 et
1036 2610 1065 2641 a
1086 2595 1163 2643 Μ.
1185 2595 1432 2642 Antonio
1418 2609 1468 2641 ιιι
1489 2593 1710 2656 epistolis

359 2667 444 2714 par
462 2658 791 2705 contumeliam
812 2673 935 2721 saepe
957 2658 1202 2707 Thurinus
1223 2658 1513 2721 appellauit.
1539 2664 1587 2705 et
1602 2658 1714 2719 ipoe
