1950 3100
361 172 451 220 140
664 169 819 235 (lv.)
882 167 1261 218 CALIGULm
1325 154 1374 224 72

357 299 563 347 Romani
584 311 766 359 sexum,
792 305 990 359 aetatem,
1014 295 1221 362 ordinem
1242 311 1447 360 omnem,
1466 312 1621 362 usque
1633 297 1697 347 ed

362 363 634 412 vicesimum
652 361 858 424 lapidem
878 361 1097 410 effudisse
1117 376 1180 409 se.

427 425 450 489 (
460 425 531 493 5.)
563 426 746 473 Tamen
766 425 905 489 longe
918 427 1100 490 majora
1119 434 1166 474 et
1185 425 1391 474 firmiora
1410 426 1470 474 de
1492 442 1548 475 eo
1565 428 1697 490 judi..

361 491 434 538 eia
445 490 496 537 in
509 497 656 537 morte
670 506 725 538 ac
734 498 842 552 post
852 498 1049 539 mortem
1067 491 1298 539 exstitere.
1323 491 1439 550 Quo
1449 491 1700 541 defunctus

360 562 431 601 est
450 555 542 616 die,
564 554 773 617 lapidata
786 562 897 603 sunt
915 555 1108 618 templs,
1137 558 1371 604 subversae
1396 555 1558 604 Deum
1587 572 1697 618 ωε,

365 618 508 667 Lares
533 635 562 667 a
582 620 865 682 quibusdam
884 619 1137 667 familiares
1168 621 1218 666 in
1237 619 1484 682 publicum
1506 620 1694 683 abiecti,

361 692 523 744 partus
560 686 815 747 conjugum
845 684 1060 747 expositi.
1126 684 1263 743 Quin
1292 691 1339 731 et
1367 685 1589 732 barbaros
1626 685 1695 732 fe-

361 755 487 808 runt,
522 749 696 812 quibus
732 748 1020 810 intestinum,
1056 749 1325 811 quibusque
1359 747 1580 797 adversus
1610 763 1699 797 nos

362 812 541 859 bellum
561 820 694 873 esset,
718 813 847 860 velut
873 814 923 860 in
944 812 1196 860 domestico
1221 813 1554 875 communique
1581 828 1696 861 moe-

362 891 477 938 rore,
501 878 778 926 consensisse
790 877 851 925 sd
870 876 1112 935 induciasg
1147 877 1333 939 regulos
1348 876 1581 939 quomam
1590 879 1698 924 bar-

364 942 476 988 bam
496 943 720 1004 posuisse,
737 949 784 989 et
803 955 1006 989 uxorum
1020 941 1173 1003 capita
1191 942 1372 1002 rasisse,
1396 940 1459 988 ad
1470 940 1698 989 indicium

364 1006 562 1053 maximi
582 1007 769 1064 luctusg
793 1018 956 1069 regum
977 1005 1118 1052 etiam
1138 1020 1293 1067 regem
1309 1013 1356 1052 et
1376 1007 1702 1054 exercitatione

367 1071 580 1130 venandi,
606 1080 652 1118 et
673 1071 885 1118 convictu
906 1070 1217 1133 megistanum
1234 1069 1546 1128 abstinuisseg
1573 1070 1702 1132 quod

368 1136 496 1196 apud
519 1135 717 1182 Parthos
734 1134 908 1198 justitii
922 1134 1068 1181 instar
1088 1141 1170 1182 est.

429 1198 450 1263 (
462 1197 532 1262 6.)
555 1199 723 1246 Romoe
744 1198 950 1260 quidem,
975 1211 1101 1258 cum,
1126 1197 1399 1260 adprimam
1418 1197 1598 1245 famam
1621 1214 1702 1246 va-

366 1263 603 1323 letudinis,
619 1264 815 1310 attonita
824 1272 871 1310 et
884 1270 1049 1309 moesta
1069 1262 1235 1310 civitas
1254 1271 1497 1323 sequentes
1513 1264 1703 1311 nuntios

365 1328 663 1388 opperiretur,
697 1335 743 1373 et
763 1332 946 1389 repente
973 1328 1076 1388 jem
1098 1327 1274 1389 vesperi
1294 1327 1481 1374 incertis
1503 1328 1702 1375 auctori-

366 1392 456 1438 bus
479 1389 764 1438 convaluisse
787 1390 975 1437 tandem
996 1391 1361 1452 percrebruisset,
1391 1392 1568 1452 passim
1591 1406 1701 1439 cnm

363 1454 624 1501 luminibus
644 1461 690 1500 et
712 1454 912 1502 victimis
933 1455 983 1500 in
1007 1455 1293 1518 Capitolium
1313 1469 1592 1503 concursum
1613 1464 1700 1515 est,

365 1534 420 1566 uc
441 1533 573 1581 paene
586 1517 780 1566 revulsae
791 1518 955 1581 templi
964 1518 1100 1582 fores,
1124 1534 1182 1567 ne
1197 1518 1314 1583 quid
1329 1520 1575 1583 gestientes
1592 1528 1703 1570 vota

366 1583 550 1631 reddere
576 1582 893 1648 [moraretur]
928 1583 1297 1648 Expergefacms
1318 1599 1344 1632 e
1365 1598 1532 1633 somno
1554 1584 1700 1632 Tibe-

365 1650 463 1696 rius
489 1657 559 1696 est
584 1647 919 1711 gratulantium
950 1650 1160 1710 vocibus,
1184 1657 1327 1711 etque
1350 1648 1563 1712 undique
1591 1664 1702 1697 con-

365 1713 634 1773 cinentium,

367 1812 402 1840 ‘⁶
416 1810 558 1859 Salva
569 1810 740 1872 Roma,
751 1809 881 1858 salva
891 1810 1059 1873 pau-ia,
1082 1809 1240 1860 salvus
1259 1819 1330 1859 est
1340 1811 1682 1864 Germanicus-⁹
1690 1814 1705 1836 ’

368 1905 477 1966 Sed,
512 1913 569 1954 ut
587 1904 796 1967 demum,
829 1905 929 1952 fato
949 1903 1182 1965 functum,
1214 1904 1374 1969 palam
1403 1905 1585 1954 factum
1613 1915 1703 1968 est,

365 1985 461 2019 non
481 1971 658 2019 solatiis
678 1969 804 2030 ullis,
828 1983 922 2017 non
943 1969 1122 2029 edictis,
1145 1968 1344 2017 inhiberi
1364 1968 1523 2019 luctus
1543 1972 1706 2033 publi-

370 2051 453 2083 cus
473 2036 657 2098 potuit3
692 2033 970 2096 duravitque
991 2035 1132 2081 etiam
1163 2048 1247 2096 per
1263 2034 1405 2082 festos
1426 2034 1705 2084 Decembris

367 2101 540 2148 mensis
560 2099 673 2147 (lies.
706 2098 866 2147 Auxit
880 2097 1078 2161 gloriam
1099 2097 1471 2162 desideriumque
1492 2099 1703 2147 defuncti

366 2164 508 2210 etiam
543 2164 756 2212 anocitas
796 2163 1141 2225 insequentium
1182 2170 1444 2225 temporum
1461 2181 1481 2222 ς
1520 2165 1703 2213 cunctis

328 2249 333 2254 ·
365 2242 450 2276 nec
471 2237 638 2275 temere
658 2227 972 2290 opinantibus,
1005 2226 1256 2275 reverentia
1276 2230 1377 2289 ejus
1399 2243 1454 2275 ac
1474 2237 1605 2276 metu
1627 2243 1701 2276 re-

364 2306 570 2420 P¹⁸⁸⁸⁸m<
468 2355 539 2421 ⁷.)
583 2292 774 2406 {23⁸3
793 2292 1574 2419 “ffmam’ffiss'dffiffgffssffi
1620 2356 1699 2405 M.

266 2447 275 2454 ·
365 2420 662 2483 Agrippaeet
692 2420 842 2469 Julioe
869 2419 1049 2479 filiam3
1080 2428 1127 2468 et
1155 2436 1215 2468 ex
1240 2420 1297 2468 ea
1324 2435 1492 2468 novem
1528 2421 1702 2469 liberos

364 2484 503 2541 tulit3
539 2500 740 2547 quorum
760 2484 857 2533 duo
876 2483 1076 2534 infantes
1106 2483 1261 2533 adhuc
1280 2485 1418 2548 rupti,
1442 2500 1570 2533 unus
1595 2488 1701 2547 jam

365 2561 652 2607 puerascens,
667 2550 840 2610 insigni
859 2548 1108 2596 festivitate
1122 2566 1139 2606 ;
1164 2551 1302 2611 quus
1317 2548 1517 2611 effigiem
1529 2549 1700 2597 habitu

367 2607 616 2667 Cupidinis
640 2613 689 2656 in
720 2611 816 2658 aede
841 2612 1120 2674 Capitolinae
1130 2612 1326 2661 Veneris
1347 2613 1487 2660 Livia
1513 2613 1701 2661 dedica-

364 2669 723 2731 vin-Augustus
744 2675 794 2720 in
809 2676 1024 2723 cubiculo
1045 2690 1132 2724 suo
1152 2678 1370 2739 positam,
1385 2678 1703 2740 quotiescum-
