1950 3100
540 167 691 235 (11.)
754 167 1135 219 annuemus.
1201 170 1280 228 ιο.
1513 170 1579 226 79

245 299 372 348 tione
393 298 655 376 commissa,
680 312 776 361 quo
796 297 983 346 facilius
1003 298 1197 347 consilia
1216 298 1579 348 adversariorum

247 378 330 426 per
362 365 593 426 cujusque
625 363 843 410 mulieres
878 363 1149 438 exquireret.
1215 363 1293 411 M.
1320 360 1577 424 Antonius,

246 442 385 490 super
415 427 652 474 festinatas
683 426 836 473 Liviae
865 427 1069 488 nuptias,
1096 428 1268 488 objecit
1291 435 1338 474 et
1356 427 1578 479 feminam

246 492 535 540 consularem
554 505 580 538 e
601 490 817 551 triclinio,
832 490 930 537 viro
942 505 1112 551 coram,
1127 491 1178 537 in
1206 491 1474 539 cubiculum
1496 494 1579 539 ab·

248 555 456 615 ductam,
477 569 638 603 rursus
661 555 713 601 in
739 554 1021 615 convivium,
1043 555 1318 603 rubentibus
1342 556 1577 618 auriculis,

248 619 519 668 incomtiore
549 618 734 681 capillo,
765 618 1031 666 reductame
1066 627 1114 666 et
1133 619 1375 667 dimissam
1395 620 1578 668 Scribo-

250 684 397 744 niam,
422 684 535 745 quia
547 683 738 730 liberius
758 680 982 731 doluisset
999 683 1196 730 nimiam
1215 684 1579 760 potentiampel-

251 747 386 805 licis3
422 756 468 794 et
497 746 778 795 conditiones
807 747 1027 809 quaesitas
1053 762 1135 810 per
1162 749 1350 808 amicos,
1374 750 1459 810 qui
1477 763 1579 795 ma-

249 782 545 859 tresfamilias
578 818 625 857 et
662 809 845 858 adultas
885 818 1019 858 aetate
1055 811 1255 873 virgines
1278 810 1576 874 denudarent,

248 883 400 986 3222
412 875 847 987 pgsgffienmwm
818 889 993 985 ffim
918 874 1577 1001 Tfflimm'ffi‘sflmffivffi.

248 1003 360 1064 huc,
384 1003 582 1050 necdum
603 1003 775 1080 plane·
760 1003 995 1063 mimicus,
1013 1010 1098 1050 aut
1115 1001 1289 1050 hostis.
1329 1004 1363 1031 66
1384 1001 1517 1061 Quid
1532 1007 1578 1050 te

250 1068 455 1115 mutavit
468 1071 491 1116 Ρ
519 1068 646 1129 quod
660 1068 868 1130 reginam
882 1067 989 1113 ineo
1002 1070 1025 1115 Ρ
1056 1080 1177 1114 uxor
1194 1081 1301 1113 mea
1319 1074 1401 1114 est.
1435 1066 1579 1115 Nunc

248 1133 384 1193 eoepi,
417 1145 479 1178 an
508 1132 678 1179 abhinc
707 1146 853 1179 annos
882 1134 1091 1180 novem?
1141 1130 1576 1179 Tudeindesolam

249 1194 513 1244 Drusillam
540 1196 670 1245 inis?
702 1195 1073 1272 Ita-Qud
1100 1193 1576 1271 tiuhancepistolam

247 1273 360 1307 cum
380 1259 520 1323 leges,
552 1274 646 1308 non
675 1260 830 1308 inieris
847 1259 1125 1371 Tertullam,
1150 1266 1235 1307 aut
1259 1258 1576 1321 Terentillam,

247 1331 334 1370 aut
354 1323 599 1386 Rufillam,
624 1332 707 1372 aut
728 1324 936 1374 Salviam
959 1323 1279 1384 Titisceniam,
1301 1332 1386 1372 aut
1405 1338 1578 1371 omnes.

244 1387 392 1435 Anne
411 1388 562 1449 refert,
585 1390 686 1450 ubi,
709 1390 825 1436 etin
846 1389 1261 1466 quamarrigas?”

316 1450 457 1517 (70.)
490 1453 634 1501 Goena
655 1467 842 1516 quoque
862 1454 966 1514 ejus
988 1454 1197 1501 secretior
1217 1454 1267 1499 in
1281 1450 1456 1501 fabulis
1471 1451 1578 1514 fuit,

245 1530 357 1627 13¹ae
388 1516 533 1582 vulgo
557 1516 825 1629 affixae
853 1518 1129 1630 vogabatuu
1164 1518 1215 1565 in
1216 1515 1577 1629 ‚quaePf'm'um

301 1596 460 1629 earum
492 1597 553 1658 ue
780 1581 910 1630 discu
942 1597 1067 1630 uisse
1097 1583 1331 1642 convivas,
1419 1596 1577 1644 ipsum

246 1660 334 1708 pro
353 1646 517 1708 Apo·
553 1660 579 1693 e
600 1654 830 1707 ornatum,
853 1660 948 1693 non
967 1647 1170 1694 Antonii
1190 1646 1332 1694 modo
1338 1645 1573 1721 epistole,

433 1724 540 1757 rum
559 1710 750 1758 nomina
769 1710 1055 1758 amarissime
1069 1709 1393 1772 enumerantis,
1410 1723 1574 1773 expro-

245 1775 400 1835 brant,
424 1774 505 1821 sed
525 1781 572 1821 et
591 1775 690 1823 sine
710 1781 892 1822 auctore
911 1774 1143 1823 notissimi
1163 1789 1348 1823 versus.

247 1870 285 1899 66
302 1870 428 1918 Οιιῐιι
442 1871 649 1933 primum
669 1871 863 1918 istorum
883 1870 1108 1920 conduxit
1126 1885 1287 1917 mensa
1308 1868 1574 1930 choragum,

312 1935 500 1997 Sexque
520 1934 648 1982 Deos
669 1934 788 1982 vidit
807 1934 996 1995 Mallia,
1020 1948 1193 1996 sexque
1214 1933 1372 1992 Deas3

246 1998 410 2060 Impia
429 1999 546 2046 dum
567 1997 734 2046 Phoebi
755 1998 910 2046 Caesar
929 1998 1171 2045 mendacia
1189 1996 1329 2059 ludit,

311 2062 447 2109 Dum
468 2077 590 2110 nova
610 2061 842 2110 Divorum
863 2070 1012 2111 coenat
1032 2059 1285 2118 adulteria3

242 2123 1380 2177 Omniaseaterristuncnuminadeclinaruntz

309 2191 459 2253 Fugit
478 2198 526 2238 et
544 2199 729 2239 auratos
745 2190 936 2255 Jupiter
954 2190 1055 2253 ipse
1075 2189 1249 2237 toros.”
1325 2187 1330 2194 “

238 2287 405 2335 Auxit
424 2302 564 2336 coenae
583 2302 816 2336 rumorem
836 2293 1023 2337 summa
1036 2295 1149 2336 tunc
1162 2286 1213 2333 in
1228 2284 1414 2334 civitate
1427 2297 1574 2346 penu-

236 2353 314 2399 ria
334 2367 390 2401 ac
409 2350 589 2410 fames3
623 2352 1023 2415 acclamatumque
1041 2359 1113 2400 est
1130 2349 1428 2414 postridie,“
1439 2362 1576 2396 omne

238 2416 533 2464 frumentum
562 2386 693 2465 Deos
722 2416 1021 2476 comedisse3’
1025 2418 1189 2477 ’eg‘
1192 2415 1459 2463 ‘Caesnran
1478 2427 1576 2460 esse

233 2480 380 2592 Beue
395 2480 685 2543 Apollinem,
699 2482 781 2529 sed
798 2481 1089 2539 Tortorem,
1094 2481 1228 2543 ’quo
1246 2477 1547 2542 cognomine·
1532 2491 1575 2524 ιε

351 2560 375 2594 s
402 2544 610 2607 quadam
639 2545 691 2592 in
719 2554 851 2607 parte
880 2544 1026 2594 Urbis
1056 2544 1303 2592 colebatur.
1368 2542 1575 2590 Notatus

230 2617 307 2657 est
328 2619 376 2658 et
394 2618 452 2658 ut
470 2609 682 2673 pretiosa
696 2609 996 2674 supellectilis
1007 2609 1445 2672 Corinthiorumque
1454 2620 1574 2670 prae-
