1950 3100
352 187 444 232 123
652 178 814 244 (ιιι.)
880 176 1231 227 TIBERIUS.
1297 180 1376 228 59.

351 308 634 374 pet-neganti,
669 307 786 355 dum
817 307 1007 355 vincula
1039 306 1261 367 minatur,
1296 303 1547 354 affirmavit
1572 306 1679 368 fore,

358 377 395 404 ‘⁶
415 381 472 421 ut
499 387 560 420 ex
592 372 818 435 Pompeio
850 372 1167 435 Pompeianus
1197 369 1393 427 fieret;”
1424 370 1589 419 aeoeba
1607 385 1683 419 cs-

358 438 595 486 villatione
619 436 763 483 simul
782 436 989 484 hominis
1009 449 1179 483 nomen
1199 435 1445 496 incessas,
1468 443 1685 487 veterem.

359 516 452 566 que
471 501 678 564 partium
698 500 948 548 fortunam.

464 564 566 629 58.)
598 565 699 613 Sub
730 565 857 612 idem
887 572 1091 628 tempus,
1113 562 1381 612 consulente
1398 571 1606 627 pretore,
1628 578 1686 614 au

355 634 412 694 ju
448 630 535 677 'cia
554 629 810 692 majestatis
832 631 935 692 cogi
953 631 1149 692 juberet,
1166 627 1441 676 exercendas
1455 631 1687 694 esseleges

357 694 610 757 respondit,
633 702 680 741 et
700 694 984 742 atrocissime
1012 694 1231 741 exercuit.
1298 693 1476 742 Statuoe
1496 695 1686 757 quidam

361 759 571 822 Augusti
586 765 728 821 caput
740 757 983 818 detnserat,
998 765 1053 806 ut
1065 758 1254 805 alterius
1268 756 1536 820 imponeret.
1569 763 1690 808 Acta

363 837 437 871 res
451 824 501 869 in
533 831 715 884 senatu,
744 830 807 882 et,
840 823 957 885 quia
987 822 1327 884 ambigebatur,
1356 836 1441 884 per
1467 829 1692 872 tormenta

363 889 561 951 quaesita
596 895 682 935 est.
745 887 986 934 Damnato
1020 901 1113 946 reo,
1154 885 1384 948 paulatim
1422 886 1511 934 hoc
1548 903 1691 949 genus

361 952 609 1000 calumniae
632 966 688 1000 eo
716 953 951 1014 prooessit,
973 959 1031 998 ut
1053 950 1153 998 haec
1174 965 1365 1014 quoque
1385 952 1605 1013 capitalia
1624 968 1693 1001 es-

362 1027 489 1065 sent:
524 1018 644 1065 circa
672 1017 884 1079 Augusti
915 1015 1218 1064 simulacrum
1248 1029 1435 1062 servum
1542 1018 1555 1029 '
1592 1019 1605 1030 ’

364 1084 637 1130 vestimenta
666 1082 887 1140 mutasse,
922 1092 1119 1128 nummo
1161 1079 1238 1127 vel
1252 1145 1264 1157 ι
1279 1079 1454 1128 annulo
1493 1081 1693 1144 effigiem

363 1144 1484 1272 zffissffissemfflzutuzssssffimffiffi
1506 1145 1693 1259 Ψ...

367 1276 513 1322 Periit
542 1274 744 1336 denique
773 1280 820 1320 et
850 1274 907 1333 is,
940 1274 1028 1337 qui
1062 1273 1283 1321 honorem
1317 1273 1367 1319 in
1398 1274 1582 1322 colonia
1611 1275 1695 1323 sua

365 1337 527 1384 ‘eodem
563 1338 639 1384 die
676 1336 857 1384 decerni
887 1338 980 1385 sibi
1010 1353 1177 1400 passus
1208 1346 1293 1399 est,
1327 1353 1424 1400 quo
1454 1338 1623 1387 decreti
1653 1349 1697 1387 et

366 1403 590 1463 Augusto
611 1401 727 1448 olim
747 1409 892 1448 erant.

430 1464 568 1529 (59.)
601 1464 762 1512 Multa
776 1474 1010 1528 praeterea,
1025 1468 1175 1529 specie
1190 1467 1429 1529 gravitatis
1445 1483 1500 1515 ac
1514 1484 1697 1517 morum
1727 1499 1738 1507 -

365 1529 752 1593 corrigendorum,
776 1529 857 1578 sed
889 1538 936 1578 et
965 1532 1119 1594 magis
1149 1539 1328 1580 namrae
1360 1533 1697 1597 obtemperans,

364 1597 432 1642 ita
454 1610 574 1642 saeve
594 1604 642 1642 et
661 1596 871 1642 atrociter
890 1595 1136 1657 factitavit,
1153 1604 1209 1643 ut
1228 1597 1441 1644 nonnulli
1465 1600 1701 1647 versiculis

366 1674 555 1722 quoque
576 1668 623 1706 et
643 1660 886 1722 praesentia
906 1663 1249 1724 exprobrarent,
1272 1670 1320 1709 et
1339 1661 1501 1710 futura
1521 1663 1699 1712 denun-

366 1725 533 1771 tiarent
690 1742 702 1756 ·

367 1817 402 1862 ‘5
424 1814 581 1879 Asper
600 1824 647 1863 et
668 1816 882 1877 immitis,
900 1817 1098 1864 breviter
1118 1815 1190 1864 vis
1210 1816 1369 1864 omnia
1388 1816 1545 1865 dicam
1560 1821 1584 1866 Ρ

496 1881 788 1944 Dispeream,
813 1882 856 1929 si
877 1889 922 1928 te
942 1890 1090 1928 mater
1110 1896 1264 1929 amare
1284 1883 1491 1944 potest?

370 1969 762 2034 “Noneseques.
777 1970 971 2029 Quare?
987 1968 1702 2019 Nonsunttibimilliacenmmz

496 2035 676 2084 Omnia
695 2036 739 2083 si
759 2049 955 2099 quaeras,
980 2041 1027 2081 et
1047 2033 1243 2082 Rhodos
1264 2035 1490 2083 exsilium
1511 2039 1636 2085 est-'⁹

369 2125 405 2154 “
426 2124 588 2172 Aurea
608 2124 803 2172 mutasti
825 2122 1014 2173 Saturni
1035 2122 1220 2185 meula,
1247 2123 1403 2172 Caesar
1416 2143 1431 2173 ε

502 2188 738 2238 Incolumi
757 2203 871 2237 nam
892 2196 954 2248 te,
979 2187 1123 2235 ferrea
1145 2202 1325 2251 semper
1344 2191 1532 2239 erunt.''

369 2282 405 2308 “
427 2277 631 2327 Fastidit
650 2278 832 2339 vinum,
856 2277 972 2343 quia
988 2279 1092 2339 jam
1112 2277 1212 2325 sitit
1231 2278 1321 2325 iste
1339 2292 1549 2328 cruorem
1562 2297 1578 2329 ε

496 2342 623 2391 Tam
633 2343 756 2392 bibit
766 2343 892 2391 hunc
904 2342 1055 2405 avide,
1073 2357 1219 2406 quam
1227 2342 1350 2391 bibit
1360 2351 1469 2391 aute
1475 2346 1709 2393 merum.”

367 2432 404 2459 ‘⁴
430 2429 633 2494 Adspice
663 2430 845 2494 felicem
865 2431 975 2491 sibi,
999 2444 1093 2479 non
1113 2431 1218 2492 tibi,
1244 2431 1466 2496 Romule,
1489 2434 1676 2483 Sullam
1691 2452 1706 2483 ε

303 2541 311 2547 ,
497 2496 566 2542 Et
586 2495 815 2557 Marium,
840 2496 883 2543 si
903 2496 992 2556 vis,
1017 2496 1218 2559 adspice,
1243 2496 1325 2545 sed
1345 2496 1562 2548 reducem
1577 2518 1593 2548 x

370 2558 565 2604 Necnon
587 2559 788 2620 Antoni,
811 2560 970 2607 civilia
988 2559 1114 2607 bella
1132 2560 1378 2622 moventis,

436 2619 539 2665 Nec
561 2622 705 2668 semel
725 2622 917 2670 infectas
938 2622 1125 2686 adspice
1145 2624 1269 2672 caede
1288 2638 1458 2674 manus
1473 2644 1489 2675 τ

369 2682 437 2729 Et
457 2679 551 2741 dic,
575 2682 731 2731 Roma
751 2685 896 2745 perit:
931 2687 1144 2748 reguabit
1164 2690 1389 2751 sanguine
1410 2690 1578 2748 multo,

438 2742 522 2791 Ad
543 2758 737 2804 regnum
759 2748 977 2810 quisquis
1000 2751 1127 2799 venit
1147 2754 1208 2799 ab
1229 2753 1449 2804 exsilium
1517 2785 1522 2790 -
