1950 3100
600 135 781 200 (vn.)
848 136 1104 186 GALBA.
1176 139 1247 186 ie.
1500 138 1591 185 241

263 263 521 325 arrogantis
541 264 838 327 socordiaque
853 266 1154 314 intolerabilis
1167 284 1184 325 ς
1208 267 1403 314 libertus
1417 265 1592 326 Icelus,

260 326 404 389 paulo
423 337 529 375 ante
544 329 730 377 annulis
750 330 901 377 aureis
921 338 968 377 et
983 330 1214 379 Marciani
1235 332 1506 394 cognomine
1520 345 1597 377 or-

260 401 415 450 natuS,
435 407 489 439 ac
506 395 607 454 jain
625 391 869 458 [summae]
886 395 1109 456 equestris
1120 395 1290 458 gradus
1304 394 1590 443 candidatus.

259 457 371 515 His,
394 455 573 504 diverso
593 459 813 505 vitiorum
841 473 1004 521 genere
1031 460 1363 521 grassantibus,
1396 458 1513 506 adeo
1544 474 1596 506 se

260 519 546 568 abutendum
566 523 777 583 permisit
796 531 842 569 et
856 523 1062 582 tradidit,
1080 532 1136 571 ut
1151 525 1234 571 vix
1255 525 1347 572 sibi
1367 525 1467 586 ipse
1483 537 1595 571 con-

259 592 429 642 staret;
452 584 592 633 modo
612 587 814 634 acerbior
826 588 1112 649 paciorque,
1130 588 1270 636 modo
1287 588 1518 635 remissior
1538 601 1596 634 ac

258 649 577 711 negligentior,
600 665 745 712 quam
763 653 1023 699 conveniret
1042 653 1250 714 Piincipi
1269 652 1427 713 electo,
1450 660 1595 715 atque

258 713 380 760 illud
413 714 576 761 aetatis.
631 713 889 774 Quosdam
925 716 1072 764 claros
1106 732 1165 763 ex
1198 724 1395 779 uti-oque
1433 716 1592 763 ordine

259 779 1220 892 gffiffliidmssnssffima’affldim
1255 780 1596 892 &dn-1²²&

300 857 368 889 ivi
580 857 657 890 oin
822 858 923 891 raro
1087 862 1100 874 ·
1157 860 1243 891 ura
1354 859 1403 892 m

256 921 364 953 rum
380 907 463 953 vix
482 908 567 953 uni
586 914 727 969 atque
747 906 908 966 alteri3
943 923 998 955 ac
1019 862 1172 956 ne’hiJs
1187 908 1394 970 quidem,
1419 909 1510 955 nisi
1531 908 1593 955 ad

258 970 842 1098 Μαωῶῗιῗέῗέωψ
842 979 1104 1096 ἷξὲἲζοη
1115 972 1593 1098 ῗὲῗὲἓξὶέξᾜ

186 1115 189 1117 ’
255 1099 397 1145 etiam
431 1112 697 1147 concessum
728 1115 759 1147 a
789 1099 992 1148 Claudio
1026 1100 1318 1160 beneficium,
1352 1115 1410 1147 ne
1441 1099 1591 1147 hieme

255 1164 482 1290 ωῗῗὲῗ
492 1163 1027 1276 fflssdffiffl
1039 1172 1348 1277 Μ’ᾧφωεῗ
1371 1165 1593 1277 θήΡἛῐο

257 1256 266 1263 -
422 1260 435 1273 .
761 1244 790 1275 a
1048 1243 1158 1277 sena
1203 1244 1273 1277 ria
1453 1244 1502 1276 es

256 1290 411 1339 officia
440 1292 616 1345 biennii
646 1294 798 1355 spatio
830 1291 1231 1354 determinaturus,
1264 1308 1349 1342 nec
1411 1301 1590 1354 aturus,

253 1355 347 1403 nisi
367 1355 527 1403 invitis
551 1370 606 1404 ac
632 1358 963 1406 recusantibus.
1029 1358 1352 1406 Liberalitates
1371 1357 1589 1418 Neronis,

253 1434 350 1466 non
369 1419 477 1482 plus
492 1419 683 1469 decimis
698 1424 937 1484 concessis,
954 1437 1038 1486 per
1057 1424 1400 1487 quinquaginta
1413 1423 1593 1486 equites

255 1484 495 1532 Romanos
516 1485 571 1533 ea
601 1484 861 1535 conditione
885 1488 1162 1536 revocandas
1196 1489 1375 1536 curavit
1402 1487 1591 1550 exigen-

254 1547 447 1612 dasque,
470 1558 526 1597 ut
550 1558 611 1611 et,
647 1552 688 1598 si
717 1551 834 1614 quid
864 1555 1032 1602 scenici
1053 1562 1136 1601 aut
1165 1554 1336 1616 xystici
1364 1553 1590 1601 donatum

253 1613 372 1661 olim
393 1613 719 1674 vendidissent,
737 1615 992 1665 auferretur
1009 1618 1279 1678 emtoribus,
1297 1618 1484 1681 quando
1498 1616 1589 1676 illi,

254 1679 475 1726 absumto
494 1678 657 1738 pretio,
680 1678 854 1727 solvere
872 1683 1129 1743 nequirent.
1162 1681 1252 1741 At,
1275 1690 1446 1743 contra,
1469 1681 1589 1728 nihil

251 1756 348 1790 non
368 1756 452 1803 per
470 1741 660 1788 comites
680 1749 820 1804 atque
839 1742 1028 1792 libertos
1048 1745 1194 1805 pretio
1213 1744 1382 1805 addici,
1405 1753 1488 1793 aut
1508 1743 1591 1792 do-

249 1806 356 1854 nari
378 1803 528 1866 gratia
547 1819 712 1865 passus
732 1813 817 1865 est,
841 1808 1098 1870 vectigalia,
1114 1809 1463 1882 immunitates,
1480 1823 1589 1883 ,Ρω-

249 1885 339 1918 nas
355 1868 688 1929 innocentium,
702 1869 1001 1933 impunitates
1015 1886 1274 1920 noxiorum.
1299 1871 1589 1933 Quinetiam,
1652 1916 1661 1924 ,

317 1933 435 1996 pulo
469 1931 686 1980 Romano
723 1931 991 1994 deposcente
1028 1934 1312 1997 supplicium
1343 1935 1510 1982 Haloti
1546 1944 1593 1984 et

251 1949 499 2060 'figellum
532 1995 654 2044 solos
684 2012 745 2044 ex
774 1998 994 2047 omnibus
1015 2000 1215 2047 Neronis
1243 1999 1492 2048 emissariis
1518 2000 1592 2048 vel

249 2061 697 2110 maleficentissimos
727 2060 983 2112 incolumes
1012 2063 1255 2126 proestititz
1290 2071 1430 2126 atque
1460 2064 1590 2112 insu-

357 2125 589 2173 Halotum
607 2127 925 2189 procuratione
944 2127 1237 2191 amplissima
1256 2128 1450 2176 ornavit.
1498 2128 1593 2176 Pro

249 2141 337 2238 {ff
420 2191 430 2202 '
466 2205 496 2238 o
516 2190 657 2239 etiam
679 2191 868 2240 saevitiae
887 2192 1119 2256 populum
1139 2192 1369 2256 increpuit
1387 2192 1550 2240 edicto.

362 2251 461 2317 16.)
493 2254 585 2302 Pei·
603 2255 704 2304 haec
723 2270 866 2318 prope
880 2256 1106 2305 universis
1126 2255 1366 2305 ordinibus
1387 2255 1589 2319 offensis,

251 2318 330 2366 vel
351 2319 587 2381 praecipua
607 2319 833 2383 flagrabat
852 2321 1032 2369 invidia
1051 2320 1180 2383 apud
1198 2321 1385 2369 milites.
1441 2320 1589 2383 Nam,

249 2397 364 2430 cum
397 2384 447 2430 in
476 2385 617 2431 verba
645 2387 747 2446 ejus
782 2386 986 2434 absentis
1015 2387 1282 2449 jurantibus
1318 2386 1589 2434 donativum

246 2446 475 2510 grandius
504 2448 642 2496 solito
666 2449 901 2511 prepositi
928 2450 1317 2512 pronuntiassent,
1340 2465 1489 2512 neque
1518 2465 1591 2498 ra-

246 2520 353 2559 tam
373 2525 469 2558 rein
490 2511 670 2574 habuit,
694 2520 741 2560 et
760 2513 957 2563 subinde
974 2515 1185 2577 Jactavit,
1212 2515 1409 2577 “legere
1430 2530 1479 2561 se
1499 2516 1608 2562 mi-‘

248 2575 403 2634 litem,
439 2589 533 2623 non
563 2591 726 2638 emere,
757 2580 1052 2627 consuesse?
1116 2580 1282 2642 Atque
1312 2594 1368 2626 eo
1399 2579 1589 2641 quidem

246 2639 441 2685 nomine
462 2654 635 2701 omnes,
661 2643 746 2703 qui
766 2643 944 2704 ubique
966 2651 1110 2704 erant,
1134 2645 1437 2692 exacerbavit.
1486 2643 1590 2691 Cae-

1293 2721 1328 2754 Y
