1950 3100
344 151 442 197 2⁰6
722 145 875 211 (vl.)
941 146 1152 195 NERO.
1223 148 1296 194 15.

342 275 569 334 Vestales,
592 275 723 337 quia,
745 274 988 337 Olympiae
1008 289 1213 337 quoque,
1238 274 1417 322 Caeeris
1437 274 1693 322 sacerdoti..

342 342 433 386 bus
455 348 656 399 spectare
678 338 954 386 conceditur.

407 402 428 466 (
446 401 545 466 13.)
578 404 690 449 Non
711 404 959 460 immerito,
976 403 1096 449 inter
1117 402 1380 464 spectacula
1394 404 1455 451 ab
1471 417 1528 449 eo
1543 402 1690 462 edita,

344 474 390 512 et
411 467 636 514 Tiridatis
657 469 707 514 in
728 467 907 514 Urbem
927 467 1171 514 introitum
1189 467 1437 513 retulerim.
1503 466 1688 527 Quem,

342 530 580 579 Armeniae
610 546 781 593 regem,
803 531 988 592 magnis
1014 530 1430 593 pollicitationibus
1461 530 1689 578 sollicita-

343 602 463 654 tum,
489 610 597 642 cum
617 596 844 643 destinato
857 610 954 657 *per
983 595 1188 641 edictum
1208 595 1285 641 die
1304 604 1571 642 ostensurus
1599 609 1690 655 po-

343 658 457 720 pulo
480 669 667 722 propter
686 660 904 707 nubilum
926 658 1198 719 distulisset,
1220 659 1458 722 produxit,
1483 673 1581 720 quo
1599 673 1690 720 op-

343 725 670 783 portunissime
711 725 881 786 potuit,
926 722 1163 784 dispositis
1216 725 1336 770 circa
1377 723 1468 770 fori
1510 723 1692 783 templa

342 788 531 835 armatis
575 788 857 846 cohortibus,
901 786 1053 834 curuli
1095 788 1299 835 residens
1339 787 1467 849 apud
1510 786 1692 834 Rostra

345 852 674 913 triumphantis
715 853 896 911 habitu,
940 851 1060 897 inter
1105 853 1239 913 signa
1280 851 1502 898 militaria
1545 858 1690 912 atque

347 916 543 965 vexilla:
579 924 626 964 et
652 918 820 980 primo,
851 930 933 978 per
959 914 1190 962 devexum
1218 916 1460 978 pulpitum
1480 916 1689 962 subeun-

346 987 457 1039 tem,
475 981 664 1029 admisit
678 981 739 1027 ad
759 994 925 1042 genua,
944 978 1291 1041 allevatumque
1311 979 1473 1027 dextra
1491 994 1691 1026 exoscu-

346 1044 471 1092 latus
491 1054 583 1103 est;
617 1046 723 1093 dein
742 1044 963 1106 precanti,
987 1043 1104 1091 tiara
1124 1043 1339 1103 deducta,
1361 1042 1578 1090 diadema
1596 1044 1691 1089 im.

346 1111 518 1170 posuit,
560 1111 700 1158 verba
734 1108 959 1172 supplicis
998 1108 1292 1169 interpretata
1335 1108 1547 1170 praetorio
1589 1108 1692 1154 viro

346 1174 641 1221 multitudini
660 1173 998 1235 pronuntiante.
1053 1172 1339 1219 Perductum
1359 1172 1467 1219 inde
1486 1172 1540 1217 in
1560 1171 1690 1218 thea-

348 1243 489 1297 trum,
514 1253 568 1285 ae
586 1253 744 1285 rursus
765 1237 1120 1299 supplicantem,
1139 1238 1285 1297 juxta
1301 1251 1349 1283 se
1363 1236 1505 1283 latere
1525 1235 1691 1283 dextro

344 1301 597 1349 collocavit.
652 1301 733 1351 Ob
756 1316 878 1362 quae,
902 1299 1161 1362 Imperator
1179 1301 1511 1359 consalutatus,
1533 1298 1693 1347 laurea

344 1364 395 1409 in
417 1365 705 1427 Capitolium
735 1365 849 1424 lata,
882 1366 1066 1413 Janum
1095 1365 1337 1427 geminum
1358 1364 1541 1424 clausit,
1564 1372 1688 1411 tam-

346 1428 1081 1557 quff413ugtdnrgilliltld'sldetlilazuor
1096 1493 1263 1556 gessit3
1286 1493 1494 1555 primum
1509 1493 1687 1541 himen-⁸

344 1563 478 1615 trem,
510 1558 764 1605 secundum
797 1566 844 1605 et
876 1558 1186 1606 novissimum
1214 1566 1466 1617 semestres,
1498 1558 1691 1604 tertium

347 1620 750 1682 quadrimestrem:
787 1621 965 1670 medios
992 1622 1109 1670 duos
1137 1622 1449 1681 eontinuavit3
1482 1622 1690 1683 reliquos

346 1685 464 1732 inter
486 1701 642 1734 annua
662 1688 815 1749 spatia
835 1687 1046 1734 variavit.

412 1749 548 1815 (15.)
581 1751 642 1798 In
681 1751 1016 1813 jurisdictione,
1060 1750 1442 1813 postulatoribus,
1478 1749 1576 1796 nisi
1618 1765 1690 1796 se-

347 1816 509 1876 quenti
545 1815 637 1876 die,
673 1831 727 1863 ac
762 1831 844 1880 per
878 1815 1079 1875 libellos,
1114 1830 1208 1862 non
1241 1822 1410 1862 temere
1435 1813 1690 1875 respondit.

347 1879 664 1941 Cognoscendi
683 1894 857 1928 morem
879 1895 990 1927 eum
1010 1880 1176 1939 tenuit,
1199 1887 1270 1939 ut,
1293 1878 1525 1926 continuis
1547 1879 1691 1925 actio-

347 1944 485 1991 nibus
506 1946 705 2006 omissis,
729 1944 1005 2006 singillatim
1028 1959 1227 2006 quaeque
1255 1958 1337 2005 per
1366 1944 1489 1989 vices
1521 1950 1691 2005 ageret.

347 2006 545 2067 Quoties
566 2018 722 2057 autem
742 2008 803 2055 ad
823 2008 1181 2056 consultandum
1206 2007 1446 2065 secederet,
1468 2021 1623 2069 neque
1642 2008 1692 2053 in

348 2070 1692 2200 ῗέΐᾉξῷἶῖΐᾳὲξῖῃέξὲἓὲηᾞῆέῗέἒεωέ

349 2211 519 2248 secreto
552 2201 726 2264 legens,
762 2201 888 2265 quod
923 2202 1015 2248 sibi
1050 2201 1280 2259 libuisset,
1324 2198 1516 2261 perinde
1551 2207 1692 2260 atque

348 2264 562 2324 pluribus
589 2266 714 2314 idem
747 2265 991 2325 videretm’,
1025 2265 1366 2327 pronuntiabat.
1423 2262 1486 2309 In
1515 2263 1692 2310 curiam

346 2326 665 2377 libertinorum
686 2331 807 2378 filios
828 2331 912 2377 diu
932 2344 1027 2376 non
1043 2328 1262 2376 admisitz
1288 2327 1507 2375 admissis
1524 2327 1693 2388 aprio-

346 2392 476 2441 ribus
506 2394 803 2457 Principibus
833 2395 1029 2442 honores
1062 2393 1319 2455 denegavit.
1385 2390 1692 2449 Candidatus,

350 2457 435 2516 qui
456 2472 597 2520 supra
616 2474 862 2506 numerum
884 2466 1050 2517 essent,
1072 2458 1123 2504 in
1143 2457 1365 2505 solatium
1378 2455 1621 2502 dilationis
1641 2469 1695 2501 ac

343 2532 500 2579 morae,
521 2520 783 2583 legionibus
812 2523 1079 2585 praeposuit.
1146 2521 1458 2571 Consulatum
1485 2520 1539 2566 in
1559 2533 1695 2566 senos

340 2581 616 2688 &letumque
645 2600 825 2633 menses
857 2586 986 2633 dedit
999 2604 1013 2633 ε
1050 2584 1359 2647 defunctoque
1379 2584 1504 2631 cirea
1524 2583 1696 2632 Calen-

445 2644 482 2690 J
484 2648 697 2696 annarias
717 2648 859 2696 altero
886 2665 913 2696 e
941 2649 1229 2711 consulibus,
1250 2648 1489 2697 neminem
1513 2648 1693 2696 substi-

1776 2690 1947 3089 s
