1950 3100
331 143 429 192 232
712 140 866 208 (νι.)
931 141 1142 192 NERO.
1207 142 1284 198 5⁷·

337 268 555 317 Paridem
585 267 855 317 histrionem
885 269 1091 319 occisum
1121 271 1184 318 ab
1210 283 1282 331 eo,
1314 267 1453 333 quasi
1483 282 1674 331 gravem

342 333 540 460 adv515.)
571 347 688 444 ffit
708 396 780 445 illi
801 398 1068 446 :eternitatis
1087 405 1280 460 perpetu
1352 411 1413 443 ue
1432 395 1574 444 fama
1593 411 1699 452 cu-‚

337 461 467 572 geg,
512 461 907 509 sedinconsultn.
973 461 1198 543 Ideoque,
1241 476 1294 508 m
1346 461 1677 508 tlsrebusac

473 532 621 571 vetere
640 525 948 587 appellatione
967 524 1192 585 detracta,
1213 539 1383 573 novam
1402 524 1595 571 induxit
1612 540 1673 572 ex

339 602 427 636 suo
453 589 655 637 nomine.
717 589 934 638 Mensem
958 604 1026 652 qu
1088 605 1149 637 ue
1168 589 1385 651 Aprilem
1405 588 1675 636 Neroneum

341 651 608 715 appellavit.
640 652 965 704 Destinaverat
983 661 1032 701 et
1277 652 1533 716 Neropolin
1553 667 1677 700 nun-

347 730 863 893 mfgreglteligionum
876 796 1216 845 usquequaque
1230 788 1496 841 contemtor,
1512 788 1679 843 preter

342 859 484 894 umus
560 860 625 893 eae
650 845 813 908 Syrie,
846 845 965 893 hanc
997 860 1112 896 mox
1143 847 1210 895 ita
1237 846 1426 909 sprevit,
1454 853 1512 893 ut
1541 845 1679 893 urina

344 909 704 968 contaminaret,
761 909 856 957 alia
897 911 1219 972 superstitione
1260 918 1443 972 captus,
1485 910 1540 955 in
1580 908 1678 970 qua

343 967 445 1021 sola
458 974 816 1050 pertinacissime
826 973 989 1022 haesit.
1017 974 1247 1037 siquidem
1259 974 1526 1022 icunculam
1545 973 1680 1036 puel-

345 1036 491 1085 larem
511 1053 636 1097 cum,
660 1039 796 1114 quasi
825 1038 1083 1086 remedium
1112 1038 1402 1098 insidiarum,
1437 1053 1467 1085 ιι
1495 1036 1680 1100 plebeio

379 1101 553 1149 uodam
586 1110 633 1149 et
668 1101 827 1163 ignoto
858 1102 1040 1149 muneri
1076 1101 1547 1165 accepissegdetecta
1570 1116 1679 1148 con-

366 1167 503 1213 estim
523 1167 851 1227 conjuratione,
884 1181 970 1228 pro
1001 1180 1186 1214 summo
1212 1167 1423 1228 numine,
1454 1166 1684 1228 trinisque

346 1230 398 1276 in
439 1229 515 1276 die
556 1230 806 1289 sacrificiis,
851 1230 997 1278 colere
1035 1231 1367 1293 perseveravit·
1403 1230 1684 1292 volebatque

347 1292 470 1341 credi
488 1293 741 1341 monitione
761 1296 861 1355 ejus
882 1292 1045 1342 futura
1063 1309 1353 1356 praeuoscere.
1412 1295 1544 1341 Ante
1563 1308 1684 1357 pau-

348 1371 441 1417 cos,
465 1371 619 1466 quam
630 1358 810 1418 periret,
828 1372 1024 1420 menses,
1038 1358 1234 1406 attendit
1252 1367 1299 1406 et
1319 1359 1582 1422 extispicio,
1598 1372 1687 1406 nec

351 1435 417 1469 un
450 1435 563 1467 uam
582 1419 749 1467 litavit.

414 1435 483 1550 ἲ
449 1484 526 1540 57
531 1482 552 1547 )
584 1482 723 1531 Obiit
743 1484 1002 1535 secundoet
1021 1486 1252 1535 tricesimo
1267 1488 1415 1536 aetatis
1435 1501 1574 1549 anno,
1587 1486 1684 1549 die,

348 1546 1156 1726 ξὲὥηιξῃῖιῗιῗΰοῗοζῐξζΐὶςίῃιη
1196 1561 1342 1678 plebst
1355 1560 1692 1680 Ρίῗὲἶωέῗ

492 1677 774 1725 discurreret.
821 1678 1693 1756 Ειωωεηηοοᾶεῇιπαηςᾳαζρα

350 1742 546 1805 longum
566 1748 765 1806 tempus,
788 1743 939 1790 vernis
911 1744 1220 1853 0diustivisque
1234 1744 1426 1794 floribus
1448 1745 1691 1794 tumulum

351 1809 455 1869 ejus
490 1814 730 1864 ornarent3
764 1821 819 1855 ac
860 1807 1002 1855 modo
1043 1807 1271 1871 imagines
1306 1816 1604 1873 praetextam
1638 1810 1692 1857 in

354 1872 537 1919 Rostris
572 1869 839 1932 proferrent,
873 1871 1014 1918 modo
1045 1870 1210 1931 edicta,
1238 1874 1374 1935 quasi
1405 1874 1624 1934 viventis,
1646 1883 1697 1922 et

353 1937 483 1985 brevi
523 1948 695 1996 magno
733 1935 1028 1982 inimicorum
1069 1935 1196 1984 malo
1228 1938 1465 1985 reversuri.
1533 1937 1697 1997 Quin-

354 2001 495 2048 etiam
507 1998 783 2060 vologesus,
802 1998 1082 2047 Parthorum
1097 2014 1197 2061 rex,
1218 2001 1375 2050 missis
1394 2000 1456 2048 ad
1476 2011 1701 2052 senatum

353 2064 521 2128 legatis
540 2062 598 2109 de
623 2062 922 2110 instauranda
954 2064 1184 2123 societate,
1217 2064 1306 2112 hoc
1331 2066 1474 2114 etiam
1493 2079 1703 2130 magno-

353 2144 461 2191 pere
481 2127 643 2186 oravit‚
662 2134 716 2175 ut
728 2127 927 2174 Neronis
947 2128 1171 2175 memoria
1186 2127 1419 2178 coleretur.
1452 2128 1697 2207 Denique,

356 2207 482 2250 cum,
512 2199 618 2253 post
646 2191 813 2253 viginti
834 2205 995 2251 annos,
1017 2190 1301 2242 adolescente
1319 2208 1413 2254 me,
1436 2195 1698 2243 exstitisset

356 2255 630 2307 conditionis
662 2255 859 2316 incertae,
896 2255 981 2317 qui
1013 2270 1062 2303 se
1089 2254 1322 2304 Neronem
1353 2273 1450 2306 esse
1476 2260 1697 2321 jactaret,

356 2328 457 2367 tam
483 2318 733 2367 favorabile
762 2333 930 2366 nomen
964 2321 1133 2381 eJusa
1105 2320 1230 2367 aud
1262 2321 1460 2371 Parthos
1490 2322 1605 2383 fuit,
1639 2332 1702 2374 ut

355 2381 645 2435 vehementer
663 2382 872 2445 adjutus,
894 2390 941 2433 et
961 2384 1043 2432 vix
1178 2385 1269 2437 tus
1290 2386 1366 2437 sit.
