1950 3100
632 166 787 234 (v1.)
850 125 1065 220 nmo.
1135 171 1214 218 21.
1492 172 1591 220 eoo

248 424 433 487 aliquid
454 441 503 473 se
523 425 701 474 sufferti
714 427 1047 487 tinniturum,”
1071 427 1235 474 Graeco
1260 441 1466 473 sermone
1485 441 1592 489 pro-

248 489 393 536 misit.
462 491 642 553 Captus
684 499 840 538 autem
882 490 1133 539 modulatis
1165 489 1593 538 Alexandrinorum

249 552 617 614 laudationibus,
633 556 720 618 qui
740 555 798 602 de
817 569 939 602 novo
958 563 1218 603 commeatu
1235 555 1287 602 N
1287 554 1469 617 eapolin
1486 568 1593 603 con-

252 615 501 678 fluxerant,
540 619 696 681 plures
728 618 1022 667 Alexandria
1056 620 1278 667 evocavit.
1333 620 1503 681 Neque
1539 634 1595 666 eo

254 683 444 743 segnius
472 683 834 732 adolescentulos
862 684 1086 746 equestris
1107 683 1297 744 ordinis,
1320 692 1366 730 et
1387 684 1596 746 quinque

254 745 461 809 amplius
480 747 631 795 millia
650 763 676 794 e
695 747 830 809 plebe
848 748 1181 795 robustissimae
1206 748 1482 809 juventutis,
1506 762 1595 793 un-

254 809 401 872 dique
429 811 582 873 elegit,
605 812 707 874 qui,
731 812 871 860 divisi
892 813 943 859 in
965 812 1202 872 factiones,
1230 811 1484 873 plausuum
1514 827 1594 873 ge-

254 888 369 921 nera
402 875 711 924 condiscerent
742 876 803 939 (“
824 878 1077 936 bombos,”
1112 884 1159 923 et
1193 877 1229 903 “
1248 876 1516 936 imbrices‚”
1547 883 1594 922 et

257 939 293 967 ‘⁶
316 941 494 987 testas”
526 939 806 1004 vocabantg)
838 955 1120 1004 operamque
1146 947 1366 987 navarent
1393 940 1598 986 cantanti

254 1002 365 1062 sibi,
396 1004 600 1066 insignes
633 1005 945 1068 pinguissima
972 1004 1107 1052 coma
1137 1012 1182 1052 et
1213 1003 1596 1051 excellentissimo

255 1066 388 1114 cultu
425 1069 573 1130 pueri,
608 1084 693 1117 nec
716 1070 816 1116 sine
843 1069 1019 1117 annulo
1041 1068 1196 1116 laevise
1234 1081 1436 1129 quorum
1458 1066 1597 1115 duces

251 1146 288 1193 q
574 1133 728 1181 millia
745 1134 1007 1181 sestertium
1026 1134 1276 1181 merebant.

323 1193 439 1260 (21.
484 1194 1596 1260 OmmagmaestimmcmmqetiamRomae

255 1260 530 1309 Neroneum
549 1276 700 1324 agona
725 1270 833 1310 ante
861 1262 1170 1326 prostitutam
1199 1261 1323 1308 diem
1353 1261 1596 1307 revocavit.

257 1323 700 1389 flagitantibusque
719 1327 897 1375 cunctis
918 1326 1146 1375 eoelestem
1166 1340 1341 1384 vocem,
1362 1323 1600 1387 respondit

258 1388 472 1452 quidem,
492 1391 528 1417 ‘⁶
538 1391 590 1437 in
604 1391 750 1439 hortis
765 1406 815 1439 se
826 1392 1009 1454 copiam
1025 1391 1287 1439 volentibus
1297 1389 1531 1437 facturum
1543 1390 1598 1436 =”

255 1452 358 1512 sed,
384 1454 633 1516 adjuvante
654 1456 786 1518 vulgi
810 1470 965 1518 preces
993 1456 1135 1505 etiam
1164 1455 1360 1504 statione
1388 1453 1599 1501 militum

258 1532 373 1580 quae
392 1526 505 1567 tunc
530 1523 807 1583 excubabat,
828 1527 1257 1585 repraesentaturum
1286 1534 1335 1568 se
1361 1517 1600 1581 pollicitus

257 1592 334 1630 eet
353 1583 531 1642 libens3
568 1600 622 1633 ac
642 1587 742 1633 sine
760 1585 892 1633 mori.
910 1601 1080 1634 nomen
1100 1601 1242 1635 suum
1260 1585 1312 1632 in
1332 1585 1440 1631 albo
1459 1583 1600 1646 profi-

258 1649 464 1696 tentium
482 1649 833 1698 dthnoedomm
857 1652 1001 1712 jussit
1027 1650 1255 1707 adscribi3
1289 1647 1602 1710 sorticulaque

257 1711 1281 1775 inumamcumcoeterisdanissQintravit
1309 1712 1468 1760 ordine
1497 1726 1598 1773 suo,

259 1776 412 1825 simul
443 1777 646 1840 praefecti
677 1779 879 1842 pretorii
912 1779 1137 1826 citharam
1170 1778 1460 1836 sustinentes,
1496 1784 1603 1837 post

261 1840 442 1889 tribuni
460 1842 684 1904 militum,
694 1846 929 1906 juxtaque
940 1843 1196 1890 amicorum
1215 1841 1384 1888 intimi.
1439 1839 1602 1902 thue

262 1905 490 1968 constitit,
511 1915 697 1970 peracto
724 1907 969 1971 principio,
993 1906 1183 1954 Nioben
1212 1920 1261 1952 se
1289 1910 1601 1963 cantaturum,

370 1969 597 2019 Cluvium
616 1971 804 2020 Rufum
826 1971 1113 2019 consularem
1131 1969 1463 2032 pronuntiavit,
1486 1975 1534 2013 et
1552 1967 1602 2014 in

260 1984 432 2082 mum
447 2035 539 2083 fene
557 2035 787 2084 decimam
805 2035 1137 2099 perseveravitz
1162 2047 1467 2094 coronamque
1482 2044 1600 2093 eam,

261 2104 314 2145 et
333 2098 561 2162 reliquam
582 2102 845 2149 certaminis
863 2108 1059 2164 partem,
1076 2100 1128 2147 in
1147 2112 1323 2145 annum
1339 2102 1605 2158 sequentem

261 2161 467 2225 dissilit,
490 2173 548 2212 ut
566 2166 737 2229 sepius
752 2164 946 2215 canendi
959 2165 1137 2212 occasio
1150 2170 1282 2211 esset.
1335 2160 1482 2220 Quod
1496 2174 1606 2206 cum

261 2227 454 2275 tardum
466 2228 711 2291 videretur,
722 2245 814 2278 nou
827 2229 1021 2277 cessavit
1030 2227 1282 2276 identidem
1294 2241 1343 2273 se
1354 2224 1606 2288 publicare.

263 2291 382 2340 Non
414 2292 664 2355 dubitavit,
694 2295 836 2342 etiam
868 2294 1063 2356 privatis
1097 2290 1385 2356 spectaculis,
1419 2303 1605 2351 operam

262 2356 387 2404 inter
422 2359 623 2407 scenicos
658 2359 783 2420 dare,
824 2358 1029 2422 quodam
1068 2364 1318 2421 praetorum
1348 2354 1607 2403 sestertium

260 2419 416 2469 decies
447 2422 677 2472 offerente.
741 2423 1014 2486 Tragoedias
1047 2437 1236 2486 quoque
1268 2419 1473 2469 cantavit
1504 2431 1607 2480 per-

263 2494 486 2545 sonamsg
532 2487 725 2537 heroum
761 2488 1079 2563 Deorumque,
1117 2489 1230 2533 item
1260 2483 1515 2564 ⁸heroidum
1554 2496 1609 2529 ac

261 2547 1610 2681 mm&mfflzmfflfgmmems

264 2681 474 2728 cantavit
503 2684 538 2710 ‘⁶
602 2696 774 2732 anacam
805 2681 1188 2745 parmrienoem,”
1224 2682 1260 2709 “
1279 2679 1479 2792 Oreeaten
1509 2692 1611 2725 ma-

1324 2757 1358 2792 'r
