1950 3100
552 152 721 218 (111.)
781 154 1128 204 TIBERms.
1195 158 1275 204 35.
1489 154 1587 208 117

246 281 604 331 constitutiones
639 284 868 346 quasdam
904 285 1100 345 senatus
1120 283 1321 344 rescidit,
1353 288 1402 330 et
1436 283 1589 345 magi-

247 347 480 393 stratibus
500 361 584 410 pro
603 348 828 395 tribunali
847 349 1227 410 cognoscentibus
1247 347 1521 410 plerumque
1540 361 1591 394 se

248 409 478 458 offerebat
502 411 845 468 consiliariumg
880 411 1201 475 assidebatque
1225 412 1422 475 juxtim,
1432 410 1508 458 vel
1527 426 1588 458 ex

255 474 449 521 adverso
469 475 521 521 in
541 484 672 537 parte
691 478 883 538 primori
896 495 910 524 ε
947 485 1010 537 et,
1045 477 1225 539 siquem
1256 490 1437 524 reorum
1467 474 1591 523 elabi

254 539 410 600 gratia
439 554 596 586 rumor
616 548 748 600 esset,
772 541 952 589 subitus
974 540 1147 601 aderat,
1168 541 1440 604 judicesque
1460 547 1543 587 aut
1563 555 1590 587 e

255 602 416 664 plano,
435 612 518 649 aut
536 619 563 650 e
573 605 832 667 quaesitoris
845 605 1081 666 tribunali,
1095 605 1254 667 legum
1269 613 1317 652 et
1334 604 1585 666 religionis,

246 673 302 712 et
341 680 492 727 noxie,
524 666 583 714 de
618 669 715 730 qua
745 677 1079 731 cognoscerent,
1113 669 1411 717 admonebat:
1448 676 1589 730 atque

248 730 417 790 etiam,
462 733 599 793 siqua
626 732 677 778 in
706 732 904 794 publicis
933 735 1143 781 moribus
1162 733 1340 785 desidia
1361 741 1445 780 aut
1462 731 1591 780 mala

245 795 585 842 consuetudine
605 796 827 857 labarent,
850 797 1117 859 corrigenda
1137 797 1351 858 suscepit.

324 857 464 921 (34.)
496 859 740 907 Ludorum
762 876 815 908 ac
835 876 1082 908 munerum
1095 862 1327 922 impensas
1348 860 1581 922 corripuit,

242 922 545 970 ·mercedibus
564 925 846 972 scenicorum
867 925 1038 984 recisis,
1062 926 1343 986 paribusque
1364 924 1589 986 gladiato-

252 1000 362 1032 rum
394 986 456 1032 ad
487 995 662 1034 certum
692 1002 937 1034 numerum
968 988 1176 1036 redactis.
1241 988 1586 1035 Corinthiorum

253 1064 474 1097 vasorum
514 1051 663 1112 pretia
704 1053 754 1098 in
794 1053 1078 1099 immensum
1121 1052 1359 1113 exarsisse,
1405 1059 1587 1113 tresque

251 1113 431 1161 mullos
464 1114 617 1162 XXX
646 1116 857 1164 millibus
886 1117 1132 1162 nummum
1164 1116 1357 1176 venisse,
1387 1117 1586 1178 graviter

196 1172 203 1178 ’
248 1186 550 1239 conquestus,
596 1179 910 1228 adhibendum
943 1179 1218 1242 supellectili
1250 1180 1444 1227 modum
1481 1194 1587 1227 cen-

253 1243 370 1300 suit,
395 1257 718 1306 annonamque
739 1244 937 1305 macelli,
962 1247 1148 1293 senatus
1174 1245 1416 1304 arbitratu,
1446 1251 1585 1306 quot·

251 1306 392 1354 annis
431 1308 773 1369 temperandam
787 1325 810 1366 ξ
851 1308 962 1356 dato
1006 1308 1218 1357 aedilibus
1258 1310 1459 1371 negotio,
1504 1324 1589 1372 po·

253 1371 395 1433 pinas
426 1386 687 1434 ganeasque
717 1388 868 1435 usque
898 1389 953 1420 eo
984 1373 1240 1434 inhibendi,
1273 1381 1329 1420 ut
1361 1388 1420 1420 ne
1450 1387 1589 1435 opera

253 1434 450 1497 quidem
481 1436 670 1496 pistoria
698 1438 894 1500 proponi
925 1437 1107 1485 venalia
1136 1438 1347 1486 sinerent.
1414 1438 1497 1498 Et,
1530 1445 1587 1484 ut

254 1499 591 1562 parcimoniam
630 1501 871 1564 publicam
906 1502 1121 1565 exemplo
1158 1517 1345 1570 quoque
1384 1504 1585 1565 juvaret,

240 1564 543 1612 ·sollennibus
563 1565 663 1628 ipse
683 1567 822 1614 coenis
844 1568 1057 1629 pridiana
1085 1583 1207 1631 saepe
1231 1583 1286 1615 ac
1306 1582 1481 1615 semesa
1501 1581 1585 1629 op-

251 1628 1588 1758 2⁰³⁹...affisssffiffiffimqffizmssffi‘xe

253 1756 367 1805 cula
385 1757 624 1819 prohibuit
643 1758 793 1806 edicto
806 1776 821 1807 ι
845 1761 975 1821 item,
990 1768 1245 1809 strenarum
1261 1761 1586 1807 commercium

253 1836 315 1868 ne
336 1821 459 1868 ultra
481 1821 710 1871 Calendas
728 1823 766 1870 J
766 1825 981 1872 annarias
1000 1832 1295 1871 exerceretur.
1329 1823 1590 1870 Consuerat

252 1885 571 1949 quadruplam
607 1895 822 1949 strenam,
861 1897 909 1935 et
944 1889 1004 1935 de
1039 1902 1200 1948 manu,
1238 1886 1452 1934 redderes
1488 1886 1586 1948 sed,

252 1949 476 2010 offensus,
511 1951 562 1997 in
721 1953 789 1999 ari
823 1967 871 1999 se
901 1960 1001 1999 toto
1030 1966 1188 1999 mense
1218 1951 1278 1997 ab
1306 1950 1366 1996 iis
1388 1949 1472 2011 qui
1502 1964 1590 2011 po-

252 2021 469 2126 ffimm
512 2014 587 2062 sui
658 2017 698 2062 'e
729 2016 848 2064 festo
888 2030 985 2064 non
1020 2015 1270 2063 habuissen'
1269 2020 1307 2074 t,
1339 2012 1463 2061 ultra
1494 2027 1589 2061 non

321 2140 462 2207 (35.)
493 2142 738 2191 Mau-onas
767 2151 1006 2206 prostratae
1032 2143 1285 2205 pudicitiae,
1310 2142 1483 2205 quibus
1511 2157 1587 2191 ac-

255 2214 444 2254 cusator
474 2207 693 2268 publicus
720 2208 909 2270 deesset,
944 2215 1002 2255 ut
1032 2207 1300 2270 propinqui,
1332 2221 1459 2254 more
1486 2221 1587 2254 ma·

251 2285 429 2397 iffi
452 2269 1468 2399 ssffluffffliissmmffiffi}
1482 2270 1588 2382 2¹¹}

254 2412 383 2446 orem
404 2399 456 2444 in
475 2407 637 2461 stupro
666 2354 839 2463 gejaeneri⁸¹
851 2408 1132 2465 compertam
1152 2399 1418 2458 dimitteret,
1443 2413 1589 2462 quam

253 2477 304 2509 se
325 2476 572 2525 nunquam
591 2464 956 2527 repudiaturum,
981 2472 1087 2512 ante
1103 2466 1349 2526 juraverat.
1382 2462 1590 2512 Feminae

255 2526 464 2587 famosae,
487 2535 558 2586 ut,
583 2528 645 2574 ad
664 2529 903 2576 evitandas
921 2529 1081 2591 legum
1102 2541 1276 2589 poenas,
1295 2529 1401 2588 jure
1420 2527 1590 2591 andig-

253 2591 400 2637 nitate
429 2592 676 2639 matronali
697 2593 1052 2652 exsolverentur,
1082 2591 1361 2639 lenocinium
1383 2591 1587 2653 profiteri

251 2663 481 2716 coeperant
495 2673 510 2702 z
549 2664 595 2702 et
626 2671 684 2703 ex
716 2660 961 2718 Juventute
995 2657 1235 2719 utriusque
1273 2654 1445 2705 ordinis
1483 2672 1589 2719 pro-
