1950 3100
662 153 816 217 (vl.)
883 154 1093 204 NERO.
1160 158 1234 207 49.
1514 159 1611 207 229

271 282 601 343 scisdtantem,
636 283 673 309 ‘⁶
694 282 883 345 Ecquid
912 283 961 329 in
987 284 1117 332 Urbe
1142 285 1252 331 novi
1271 284 1330 332 de
1350 284 1533 332 Nerone
1547 287 1610 334 ?”

271 348 419 409 Equo
446 354 605 393 autem
631 345 767 394 odore
798 347 968 408 abJecti
989 348 1038 394 in
1060 348 1138 396 via
1157 348 1391 396 cadaveris
1409 356 1608 396 conster-

271 420 402 470 nato,
424 409 604 457 detecta
623 409 757 470 facie,
789 411 977 472 agnitus
1009 420 1080 458 est
1107 427 1138 459 a
1168 412 1373 474 quodam
1405 414 1610 461 missicio

270 475 565 538 pretor-iano,
593 482 640 521 et
668 474 910 522 salutatus.
973 475 1047 522 Ut
1065 475 1126 522 ad
1147 476 1479 524 deverticulum
1501 492 1611 525 ven-

271 549 379 587 tum
400 547 484 599 est,
508 537 712 586 dimissis
734 538 866 600 equis
886 540 1005 585 inter
1025 539 1238 587 fruticeta
1258 556 1312 589 ac
1333 555 1508 604 vepres,
1530 557 1613 604 per

269 603 535 651 arundineti
554 602 767 650 semitam
787 618 922 665 agre,
944 617 1030 651 nec
1044 604 1136 651 nisi
1150 604 1294 653 strati
1307 605 1396 653 sub
1410 605 1609 667 pedibus

272 676 417 728 veste,
448 666 509 713 ad
536 681 749 715 aversum
771 666 896 714 villae
917 668 1137 728 parietem
1158 671 1318 716 evasit.
1382 669 1478 728 Ibi,
1500 669 1608 717 hor.

271 740 403 779 tante
433 730 592 778 eodem
623 730 849 790 Phaonte,
878 739 935 777 ut
958 732 1144 778 interim
1164 733 1214 778 in
1237 748 1426 795 specum
1445 743 1611 796 egestae

272 810 426 844 arenae
452 794 728 855 concederet,
759 794 959 857 negavit,
998 796 1034 823 ‘⁶
1053 811 1102 842 se
1130 796 1291 844 vivum
1319 797 1408 844 sub
1440 805 1607 845 terram

270 861 454 907 iturum
469 860 522 908 2⁹⁹
562 874 632 919 ac,
674 873 922 921 parumper
966 867 1290 921 commoratus,
1329 860 1446 908 dum
1483 861 1609 908 elan-

269 923 482 972 destinus
513 922 573 971 ad
605 923 767 970 villam
796 923 1013 970 introitus
1047 931 1296 985 pararetur,
1337 939 1509 986 aquam
1547 941 1606 973 ex

225 1009 232 1017 =
270 988 485 1050 subjecta
518 986 688 1035 lacuna
720 994 915 1049 poturus
945 1001 1091 1033 manu
1122 985 1308 1045 hausit3
1344 995 1406 1047 et,
1433 991 1467 1017 ⁶⁶
1489 989 1609 1036 Haec

270 1052 399 1113 est,”
421 1052 591 1114 inquit,
608 1053 644 1080 ⁶‘
657 1050 858 1098 Neronis
868 1050 1106 1097 decocta-’⁹
1144 1050 1287 1112 Dein,
1301 1051 1487 1100 divulsa
1506 1067 1608 1099 sm.

270 1118 405 1165 tibus
444 1115 647 1178 paenulss,
687 1117 900 1177 trajectos
940 1114 1151 1163 surculos
1187 1117 1300 1163 rasit
1314 1133 1329 1163 z
1365 1123 1506 1178 atque
1541 1117 1610 1165 its

272 1180 540 1245 quadrupes
558 1194 641 1243 per
660 1179 901 1243 angustias
920 1178 1098 1226 effossae
1118 1193 1322 1228 eavernae
1336 1188 1545 1242 receptus
1558 1182 1610 1227 in

270 1246 539 1309 proximam
570 1243 751 1304 cellam,
781 1242 1004 1290 decubuit
1034 1258 1174 1305 super
1201 1243 1392 1303 lectum,
1423 1245 1610 1293 modica

272 1309 464 1370 culcitfi,
487 1317 635 1356 vetere
653 1306 800 1370 pallio
824 1314 983 1368 strato,
1013 1308 1305 1356 instructum.
1371 1308 1608 1371 Fameque

265 1374 464 1421 interim
476 1381 522 1421 et
539 1373 618 1421 siti
629 1371 963 1435 interpellante,
979 1386 1147 1434 panem
1163 1371 1353 1435 quidem
1369 1373 1608 1421 sordidum

274 1437 490 1487 oblatum
520 1437 821 1500 adspernatus
849 1443 934 1499 est,
968 1452 1105 1501 aquae
1135 1444 1293 1485 autem
1324 1437 1493 1500 tepide
1523 1438 1610 1485 ali-

231 1527 237 1531 <
274 1510 509 1567 quantum
527 1501 664 1551 bibit.

344 1565 483 1632 (49.)
522 1567 661 1616 Tunc
702 1581 988 1631 unoquoque
1026 1568 1137 1616 hinc
1167 1568 1275 1617 inde
1305 1569 1520 1630 instante,
1555 1577 1611 1616 ut

277 1632 630 1696 quamprimum
676 1645 726 1679 se
768 1632 1143 1694 impendentibus
1189 1633 1481 1681 contumeliis
1523 1634 1610 1680 eri-

277 1706 421 1760 peret,
455 1698 661 1745 scrobem
688 1709 843 1743 eoram
867 1696 967 1743 fieri
996 1698 1257 1758 imperavit,
1279 1697 1518 1745 dimensus
1548 1697 1611 1744 ad

276 1761 481 1824 corporis
512 1761 588 1809 sui
615 1759 890 1818 modulum3
925 1761 1234 1823 componique
1263 1761 1421 1820 simul,
1452 1761 1494 1808 si
1515 1775 1612 1823 qua

276 1826 604 1886 invenirentur,
634 1823 783 1871 frusta
810 1824 1071 1882 marmoris,
1100 1831 1147 1870 et
1178 1838 1351 1888 aquam
1382 1824 1526 1871 simul
1556 1839 1611 1872 ac

275 1890 410 1953 liffla
437 1888 646 1949 conferri,
668 1888 874 1936 curando
900 1902 1015 1934 mox
1037 1886 1261 1945 cadaveri,
1286 1887 1400 1934 flens
1429 1887 1490 1933 ad
1515 1888 1611 1934 sin-

274 1955 408 2018 gula,
449 1961 589 2016 atque
619 1951 870 2000 identidem
900 1952 1146 1999 dictitans:
1186 1953 1221 1980 ‘⁶
1242 1950 1412 2009 Qualis
1443 1950 1610 1998 artifex

275 2018 483 2082 pereo!”
538 2016 667 2064 Inter
701 2031 854 2064 moras
885 2016 1087 2079 perlatos
1117 2030 1147 2062 a
1177 2029 1357 2063 cursore
1384 2013 1611 2063 Phaontis

276 2081 515 2132 codicillos
534 2081 789 2144 praeripuit,
819 2080 1041 2143 legitque,
1067 2082 1103 2108 ‘⁶
1125 2095 1174 2128 se
1194 2079 1374 2127 hostem
1394 2093 1425 2125 a
1446 2088 1608 2126 senatu

273 2148 556 2212 judicatum,
581 2154 627 2193 et
647 2145 810 2208 quoeri,
834 2154 890 2192 ut
942 2144 1135 2192 uniatur
1159 2157 1286 2192 more
1305 2144 1609 2205 majorum'z”

275 2210 680 2273 interrogavitque,
713 2208 852 2271 quale
886 2210 904 2256 i
974 2221 1120 2270 genus
1153 2216 1270 2256 esset
1301 2223 1462 2270 poenoe.
1524 2207 1608 2268 Et,

235 2289 248 2303 ·
275 2291 388 2325 cum
430 2276 738 2337 comperisset,
791 2272 909 2320 nudi
956 2273 1161 2321 hominis
1210 2273 1429 2320 cervicem
1469 2271 1610 2318 inseri

274 2341 435 2400 furcae,
474 2354 642 2401 corpus
677 2337 820 2399 virgis
854 2337 914 2384 ad
951 2351 1111 2384 necem
1144 2337 1289 2393 caedi3
1324 2334 1608 2397 conterritus,

259 2405 397 2453 -duos
417 2403 659 2467 pugiones,
682 2416 803 2465 quos
821 2401 1235 2460 secumextulerat,
1259 2401 1481 2462 arripuit3
1510 2407 1608 2447 ten-

259 2468 471 2531 -tataque
505 2467 750 2531 utriusque
779 2467 892 2527 acie,
928 2481 1087 2513 rursus
1118 2465 1339 2524 condidit,
1376 2471 1609 2524 causatus,

261 2535 313 2571 -“
334 2531 545 2581 nondum
566 2531 724 2580 adesse
742 2529 932 2578 fatalem
952 2530 1169 2578 horam.'’
1233 2530 1309 2577 Ac
1329 2528 1470 2577 modo
1490 2529 1609 2590 Spo-

274 2612 383 2645 rum
402 2596 688 2654 hortabatur,
710 2602 767 2642 ut
786 2595 1029 2642 lamentari
1050 2611 1104 2643 ac
1124 2595 1339 2657 plangere
1359 2592 1607 2655 inciperet;

209 2664 213 2669 ’
255 2661 415 2708 ·modo
435 2661 612 2721 orabat,
635 2668 689 2707 ut
719 2675 768 2706 se
791 2659 963 2720 aliquis
986 2659 1046 2707 ad
1067 2667 1263 2707 mortem
1285 2656 1609 2720 capessendam

1375 2736 1411 2769 x
