1950 3100
326 138 390 187 90
638 134 773 209 (ιι.)
834 133 1215 187 AUGUSTUS.
1276 133 1360 193 ⁹4

331 266 394 313 in
408 262 640 327 Capitolio
672 263 817 315 aedem
843 263 1059 316 Tonanti
1087 264 1124 312 J
1125 279 1203 312 ovi
1234 260 1419 313 assidue
1550 274 1673 308 u-en

332 338 465 390 taret,
482 329 746 389 somniavit,
762 330 893 391 queri
913 328 1238 391 Capitolinum
1256 327 1293 375 J
1294 340 1447 385 ovem,
1546 334 1673 373 tores

331 396 425 443 sibi
447 393 649 451 abduci3
683 408 822 455 seque
843 393 1148 455 respondisse,
1168 392 1434 442 Tonantem
1445 404 1531 452 pro
1541 390 1672 451 jani-

334 467 432 507 tore
461 459 505 505 ei
537 457 832 520 appositum·
865 457 1063 519 ideoque
1091 471 1207 504 mox
1227 454 1553 503 tintinnabulis
1572 452 1674 502 fas-

337 524 507 585 tigium
533 522 646 569 aedis
669 521 890 582 redimiit,
915 521 1045 596 quod
1071 536 1127 568 ea
1146 521 1241 568 fere
1258 519 1419 581 januis
1439 518 1673 581 depende-

338 588 466 649 bant.
535 586 617 633 Ex
648 593 871 634 nocturno
905 586 1009 633 visu
1045 585 1189 632 etiam
1220 585 1390 645 stipem
1419 583 1674 645 quotannis

338 650 414 698 die
435 657 557 698 certo
577 649 894 697 emendicabat
906 664 936 696 a
946 649 1142 712 populo,
1156 662 1320 696 cavam
1334 661 1532 695 manum
1546 661 1677 695 asses

337 713 1042 852 Ροῗὲῗῖᾱὲἶίἒιῒέἒῗωω
1063 777 1279 840 quaeam
1300 791 1386 838 pm
1404 775 1675 825 mm„

339 843 640 898 observabam
675 841 717 889 si
742 855 880 888 mane
923 842 1017 889 sibi
1042 842 1221 889 calceus
1530 854 1585 887 ac
1605 842 1675 888 si-

339 907 482 955 nister
500 921 585 969 pro
616 877 820 965 dextero,
842 906 1147 966 induceretur,
1174 914 1230 952 ut
1417 904 1529 963 ,si,
1553 905 1678 954 tetra

341 972 517 1021 marive
559 970 840 1032 ingrediente
883 985 932 1019 se
973 969 1282 1046 longinquam
1323 939 1674 1031 profectionum,

340 1035 458 1084 forte
486 1035 699 1096 rorasset,
722 1043 778 1082 ut
796 1034 976 1095 iaetum,
998 1034 1263 1110 maturique
1283 1041 1330 1080 et
1352 1033 1677 1096 prosperired-

341 1100 450 1148 itus.
506 1099 599 1149 Sed
614 1107 660 1146 et
680 1100 870 1148 ostentis
884 1098 1115 1160 praecipue
1128 1098 1413 1145 movebatur.
1468 1097 1680 1146 Enatam

342 1163 463 1211 inter
480 1166 722 1225 juncturas
742 1163 956 1225 lapidum
977 1170 1085 1209 ante
1105 1162 1298 1209 domum
1312 1177 1448 1210 suam
1461 1162 1675 1224 palmam

342 1226 394 1273 in
410 1227 730 1288 compluvium
744 1226 955 1274 Deorum
969 1227 1220 1275 Penatium
1235 1226 1500 1285 transmlit3
1522 1234 1677 1290 utque

344 1291 628 1349 coalesceret,
673 1305 949 1366 magnopere
993 1291 1186 1339 curavit.
1271 1289 1323 1337 A
1323 1290 1423 1353 pud
1466 1291 1674 1340 insuhm

346 1353 563 1416 Capreas,
597 1355 848 1402 veterrimae
877 1355 999 1402 ilicis
1029 1355 1250 1403 demissos
1279 1356 1382 1416 jam
1411 1354 1473 1402 ad
1504 1363 1675 1404 terram

346 1418 707 1480 languentesque
727 1432 881 1466 ramos
901 1420 1188 1466 convaluisse
1208 1419 1409 1467 adventu
1430 1434 1536 1480 suo,
1557 1420 1678 1470 adeo

342 1482 532 1530 laetatus
560 1490 644 1542 est,
671 1490 727 1529 ut
755 1497 833 1530 eas
858 1497 967 1530 cum
990 1484 1229 1545 republica
1256 1483 1678 1546 Neapolitanorum

346 1547 689 1609 permutaverit,
735 1546 931 1597 λΕιιειι-ὶᾶ
973 1547 1097 1596 datii.
1162 1549 1453 1597 observabat
1493 1557 1542 1597 et
1578 1549 1682 1601 dies

348 1625 422 1723 gu
416 1610 594 1672 osdam,
618 1626 676 1659 ne
700 1619 784 1659 aut
808 1612 1029 1690 postridie
1054 1613 1286 1661 nundinas
1307 1628 1549 1677 quoquam
1568 1630 1679 1677 pro-

383 1676 636 1737 cincei-etur,
647 1685 732 1724 aut
745 1676 899 1725 Nonis
911 1676 1174 1741 quidquam
1189 1678 1256 1725 rei
1270 1679 1397 1726 seriae
1412 1678 1678 1739 inchoaret,

347 1739 502 1788 nihil
487 1754 539 1788 in
559 1740 647 1789 hoc
663 1740 855 1804 quidem
875 1741 1006 1789 aliud
1025 1743 1249 1804 devitans,
1272 1750 1329 1789 ut
1350 1742 1412 1790 ad
1433 1741 1682 1792 Tiberium

348 1805 524 1864 scribit,
547 1819 693 1869 quam
715 1805 906 1866 δυσ-φημι
893 1825 957 1853 ια
939 1807 1195 1853 nominis.

411 1869 551 1935 (93.)
583 1870 934 1947 Peregrinarum
966 1871 1333 1919 emmonim-um
1362 1870 1487 1919 sicut
1509 1879 1685 1922 veteres

346 1948 403 1981 ac
429 1942 679 1997 preceptas
709 1935 1070 1983 reverentissime
1084 1935 1245 1995 coluit,
1274 1935 1343 1983 ita
1362 1942 1551 1985 caeteras
1571 1952 1681 1985 con-

348 2001 515 2047 temtui
542 1999 724 2048 habuit.
799 1999 1039 2062 Namque,
1076 1999 1278 2048 Athenis
1314 2000 1544 2061 initiatus,
1573 2017 1682 2050 cum

346 2071 507 2125 postea
522 2064 688 2113 Romae
708 2078 794 2126 pro
808 2064 1031 2112 tribunali
1049 2064 1107 2111 de
1125 2064 1368 2126 privilegio
1387 2066 1681 2114 sacerdotum

348 2126 523 2176 Atticm
557 2128 735 2176 Cereris
771 2136 1074 2191 cognosceret,
1109 2136 1155 2175 et
1187 2127 1404 2190 quedam
1441 2131 1682 2179 seoeetiora

348 2200 723 2255 proponerentur,
757 2192 952 2240 dimisso
982 2191 1175 2240 consilio
1201 2199 1249 2240 et
1281 2192 1449 2241 corona
1478 2194 1679 2243 circum-

348 2257 593 2333 stantium,
607 2256 735 2305 solus
755 2256 907 2303 audiit
926 2256 1244 2319 disceptantes.
1286 2255 1376 2318 At,
1394 2265 1570 2319 contra,
1585 2274 1679 2307 non

348 2320 504 2381 modo,
531 2321 582 2367 in
609 2320 894 2383 peragranda
919 2320 1148 2383 AEgypto‚
1179 2320 1324 2385 paulo
1355 2320 1594 2371 deflectere
1617 2324 1679 2372 ad

350 2335 592 2430 visenodum
614 2383 749 2446 Apin
769 2384 1054 2444 supersedit,
1090 2385 1170 2433 sed
1191 2392 1237 2431 et
1253 2385 1424 2433 Caium
1442 2395 1678 2450 nepotem,

349 2445 494 2504 quod,
521 2445 743 2493 Judaeam
770 2446 1119 2509 praetervehens,
1147 2448 1274 2511 apud
1299 2448 1682 2512 Hierosolymam

350 2508 617 2641 (9451,Ιί
586 2571 668 2629 Et,
584 2508 924 2679 (1ιιοιιῖῗέιιιει
923 2509 1113 2621 13ιὲαέιὲ
1133 2582 1323 2622 ventum
1343 2583 1429 2634 est,
1446 2590 1543 2624 non
1558 2581 1622 2627 ab
1636 2595 1684 2627 re

350 2626 504 2718 fuerit,
527 2632 782 2694 subtexere,
806 2648 914 2695 quae
933 2635 977 2681 ei
998 2637 1144 2699 prius,
1168 2652 1313 2711 quam
1334 2648 1684 2716 nasceretur,et
