1950 3100
522 147 691 219 (111.)
756 150 1106 205 TIBERIUS.
1172 152 1251 205 BB-
1466 156 1558 205 133

252 281 416 395 527.)
447 280 704 345 Postremo,
750 291 896 332 semet
931 285 1031 347 ipse
1061 292 1300 348 pertaesus,
1333 284 1418 331 tali
1454 283 1558 347 'epi-'f

212 354 286 395 sto
365 348 593 410 principio
614 356 800 396 tantum
819 363 913 396 non
942 362 1176 396 summam
1198 349 1429 397 malorum
1446 363 1558 396 suo-

212 426 321 458 rum
341 411 574 474 professus
608 421 679 460 est
695 431 709 460 ε
749 414 786 440 “
807 412 940 471 Quid
974 414 1173 461 scribam
1208 413 1355 473 vobis,
1389 413 1555 460 Patres

211 475 493 539 Conscfipfi,
527 484 612 524 aut
626 476 863 539 quomodo
881 477 1097 537 scribam,
1132 485 1215 524 aut
1236 477 1352 540 quid
1365 477 1555 525 omnino'

213 553 310 586 non
329 541 546 601 scribam,
580 541 669 588 hoc
702 549 922 603 tempore,
956 539 1045 587 Dii
1076 556 1153 587 me
1177 540 1386 604 Deaeque
1416 544 1552 603 pejus

212 603 424 664 perdant„
471 619 616 667 quam
670 605 879 667 quotidie
920 606 1067 667 perire
1108 607 1270 667 sentio,
1318 607 1360 653 si
1403 606 1552 654 scio.”

212 667 505 715 Existimant
525 668 737 731 quidam,
769 670 1008 731 praescisse
1028 668 1129 717 haec
1148 685 1257 717 eum
1278 670 1445 733 peritia
1474 670 1556 717 fu·

212 739 456 790 mmrum3
491 748 561 793 ac,
604 733 758 781 multo
795 741 917 793 ante,
960 741 1138 795 quanta
1180 749 1229 781 se
1272 734 1554 797 quandoque

213 796 440 844 acerbitas
460 804 509 843 et
522 796 718 844 infamia
736 805 955 857 maneret,
990 799 1309 860 prospexisse;
1334 797 1384 845 id
1471 814 1547 860 ue,

212 866 270 906 ut
306 860 554 922 imperium
591 862 760 921 inierit,
793 869 840 908 et
861 863 896 890 “
919 862 1075 909 Patris
1104 862 1309 909 Patriae”
1345 878 1405 924 ap

212 923 407 984 tionem,
429 932 491 984 et,
516 940 574 972 ne
595 926 646 972 in
667 935 771 973 acta
802 940 889 973 sua
905 928 1153 987 juraretur,
1190 927 1554 974 obstinatissime

212 988 464 1049 10ch
497 1003 556 1036 ne
590 1004 705 1037 mox
742 992 919 1052 majore
953 988 1171 1036 dedecore
1213 991 1365 1053 impar
1408 991 1552 1037 tantis

209 1050 468 1100 honoribus
489 1054 780 1102 inveniretur.
848 1052 994 1112 Quod
1029 1066 1138 1100 sane
1172 1061 1220 1100 et
1256 1069 1315 1101 ex
1348 1055 1556 1101 oratione

212 1117 335 1177 ejus,
366 1131 511 1179 quam
545 1117 605 1165 de
640 1119 837 1181 utraque
871 1133 920 1164 re
953 1116 1136 1177 habuit,
1170 1117 1328 1180 colligi
1365 1126 1517 1180 potest
1530 1136 1546 1167 ε

210 1179 291 1226 vel
313 1195 421 1227 cum
442 1183 524 1242 ait,
552 1184 588 1211 ‘⁴
608 1182 821 1230 Similem
837 1197 887 1229 se
906 1196 1087 1243 semper
1107 1182 1182 1229 sui
1212 1182 1443 1243 futurum,
1467 1190 1556 1230 nec

210 1256 427 1306 unquam
462 1254 755 1294 mutaturum
790 1261 941 1293 mores
984 1260 1109 1304 suos,
1156 1246 1385 1308 quamdiu
1428 1258 1553 1295 sanae

210 1309 387 1356 mentis
414 1309 605 1359 fuissetz
642 1310 724 1358 sed
751 1311 954 1373 exempli
975 1311 1118 1358 causa
1146 1310 1402 1358 cavendum
1434 1327 1548 1372 esse,

210 1382 274 1419 ne
319 1388 368 1420 se
403 1383 593 1423 senatus
632 1376 683 1421 in
721 1384 825 1422 acta
868 1377 1149 1437 cujusquam
1186 1374 1426 1438 obligaret,
1466 1377 1552 1439 qui

212 1436 379 1499 aliquo
433 1453 542 1486 cusu
584 1441 759 1487 mutari
815 1441 1023 1502 posset.”
1086 1439 1155 1487 Et
1195 1455 1387 1489 rursusz
1427 1442 1462 1470 ‘⁶
1485 1441 1548 1489 -Si

211 1496 407 1564 quando
443 1505 654 1565 autem,”
686 1504 858 1567 inquit,
886 1505 922 1533 “
940 1504 1000 1553 de
1019 1500 1229 1554 moribus
1247 1506 1380 1568 meis,
1411 1503 1550 1568 devo-

208 1574 358 1629 toque
382 1569 515 1617 vobis
543 1570 716 1630 anirno,
741 1569 1062 1618 dubitaveritis
1093 1569 1245 1633 (quod
1273 1571 1552 1634 priusquam

206 1632 412 1693 eveniat,
448 1641 575 1696 opto,
600 1641 670 1680 *ut
699 1647 776 1680 me
797 1648 1043 1697 supremus
1075 1634 1174 1682 dies
1210 1634 1322 1682 huic
1357 1643 1552 1683 mutatae

211 1703 378 1743 vestroe
397 1695 456 1743 de
469 1712 547 1744 me
560 1698 769 1761 opinioni
789 1697 976 1761 eripiat)
1015 1697 1135 1745 nihil
1156 1697 1342 1747 honoris
1363 1699 1551 1762 adjiciet

209 1759 335 1806 mihi
365 1761 519 1809 Patris
540 1762 713 1810 Paniae
731 1762 1016 1825 appellatiog
1050 1764 1183 1810 vobis
1203 1771 1359 1811 autem
1386 1778 1553 1825 expro-

206 1825 370 1872 brabit
392 1834 476 1873 aut
494 1827 796 1874 temeritatem
817 1826 960 1875 delati
980 1826 1101 1873 mihi
1121 1829 1224 1888 ejus
1245 1828 1549 1889 cognominis,

211 1897 299 1936 aut
322 1889 677 1939 inconstantiam
699 1892 913 1939 contrarii
933 1891 993 1938 de
1012 1904 1089 1937 me
1106 1890 1327 1951 judicii.”

280 1953 423 2017 (68.)
455 1954 655 2018 Corpore
666 1955 759 2002 fuit
780 1955 938 2018 amplo
959 1963 1101 2017 atque
1112 1956 1332 2018 robusto;
1358 1953 1549 2015 statura,

206 2031 327 2080 'quae
336 2021 517 2081 justam
537 2019 796 2068 excederetz
820 2019 948 2067 latus
967 2021 1027 2067 ab
1049 2018 1255 2066 humeris
1274 2027 1322 2066 et
1341 2026 1547 2081 pectore3

210 2083 392 2131 ceteris
404 2098 591 2146 quoque
612 2085 834 2131 membris
854 2098 1005 2146 usque
1020 2082 1081 2130 ad
1096 2083 1216 2130 imos
1234 2082 1374 2145 pedes
1395 2098 1553 2145 aequa-

208 2146 331 2195 liset
345 2161 600 2210 congruens
617 2166 632 2196 =
658 2148 845 2196 sinistra
858 2162 1003 2195 manu
1026 2146 1215 2210 agiliore
1236 2146 1554 2204 acvalidioreg

208 2211 426 2259 articulis
460 2213 529 2259 ita
563 2212 725 2274 firmis,
759 2220 815 2260 ut
842 2227 998 2261 recens
1032 2219 1079 2259 et
1107 2211 1341 2273 integrum
1370 2210 1552 2257 malum

206 2275 364 2338 digito
385 2277 656 2335 πεπώκει-εις
691 2285 833 2340 caput
884 2278 1002 2339 ueri,
1035 2275 1110 2325 vel
1129 2276 1270 2323 etiam
1291 2273 1551 2323 adolescen-

208 2341 289 2401 tis,
326 2340 485 2388 talitro
504 2340 776 2405 vulneraret.
842 2291 1009 2390 3010oe
1029 2347 1127 2388 erat
1145 2339 1358 2400 candido,
1383 2338 1554 2400 capillo

200 2418 334 2466 pone
375 2406 646 2467 occipitium
691 2406 1004 2466 submissiore,
1049 2412 1105 2452 ut
1148 2404 1369 2452 cervicem
1410 2404 1552 2450 etiam

202 2470 461 2532 obtegeret„
507 2469 635 2532 quod
672 2470 846 2533 gentile
886 2467 936 2517 in
981 2470 1066 2517 illo
1109 2468 1353 2516 videbatur
1367 2485 1384 2515 z
1434 2466 1553 2515 facie

201 2531 420 2594 honesti,
442 2548 493 2580 m
516 2533 614 2597 qua
634 2543 791 2582 tamen
806 2535 951 2584 crebri
972 2543 1021 2582 et
1039 2533 1185 2582 subiti
1205 2542 1425 2591 tumores,
1443 2545 1553 2578 cum

198 2598 560 2660 praegrandibus
593 2599 756 2660 oculis,
795 2607 842 2647 et
889 2600 973 2662 qui
1013 2597 1164 2664 (quod
1198 2598 1378 2645 mirum*
1416 2595 1555 2660 esset)

196 2670 350 2710 noctu
371 2663 514 2712 etiam
535 2668 583 2710 et
597 2664 648 2710 in
671 2664 869 2713 tenebris
890 2663 1113 2725 viderent,
1136 2662 1216 2713 sed
1233 2663 1293 2711 ad
1314 2664 1471 2722 breve,
1506 2669 1560 2708 et

1319 2739 1358 2775 Ν
