1950 3100
594 169 718 235 (v.)
782 171 1149 221 CLAUDIUS.
1217 174 1295 220 41.
1493 174 1583 222 195

255 298 446 359 vignum
482 296 736 361 adoptaret,
775 298 1029 348 identidem
1062 300 1340 365 divulgavit,
1380 301 1417 329 “
1436 301 1583 347 nemi.

252 376 355 436 nem
406 376 617 451 unquam
668 379 751 427 per
802 363 1096 428 adoptionem
1137 365 1330 413 familiae
1372 363 1584 414 Claudiae

253 433 485 473 insertum.

315 488 451 554 (40.)
482 491 716 552 Sermonis
738 507 844 540 vero
864 505 1108 556 rerumque
1130 501 1309 542 tantam
1329 508 1451 556 saepe
1470 507 1583 555 neg-

252 552 490 615 ligentiam
506 556 720 619 ostendit,
736 565 790 604 ut
811 572 893 605 nec
906 559 1030 620 quis,
1051 572 1134 605 nec
1146 558 1264 606 inter
1279 573 1413 621 quos,
1430 571 1581 620 quove

253 624 453 680 tempore
486 635 540 668 ac
569 620 687 682 loco,
728 623 868 669 verba
895 622 1078 683 faceret,
1118 624 1232 670 scire
1269 631 1353 670 aut
1384 623 1583 684 cogitare

254 683 605 731 existimaretur.
667 686 792 733 Cum
820 686 879 733 de
908 686 1049 734 laniis
1070 701 1123 734 ac
1145 688 1334 735 vinariis
1354 694 1580 748 ageretur,

253 746 529 795 exclamavit
554 750 604 795 in
625 750 783 808 curiag
823 752 858 779 “
879 750 1020 813 Rogo
1045 766 1142 812 vos,
1171 753 1278 813 quis
1306 758 1458 813 potest
1485 752 1584 798 sine

253 809 397 859 offixla
419 814 568 861 vivere
583 814 641 862 ?”
675 814 1008 878 descripsitque
1027 815 1359 862 abundantiam
1381 823 1585 862 veterum

253 876 559 938 tabernarum,
590 878 714 926 unde
745 880 908 927 solitus
936 888 1055 927 esset
1084 881 1247 927 vinum
1284 878 1397 925 olim
1420 887 1466 924 et
1487 879 1587 940 ipse

253 946 415 1001 petere.
449 940 526 988 De
546 951 772 1005 quaestore
793 943 1006 1006 quodam·
1020 943 1265 991 candidato
1284 944 1403 989 inter
1423 957 1585 989 causas

254 1002 592 1067 suffragationis
616 1022 715 1055 suae
747 1009 921 1070 posuit,
947 1009 984 1036 “
1006 1007 1133 1069 quod
1163 1015 1293 1095 pater
1323 1008 1424 1068 ejus
1452 1006 1583 1069 frigi-

254 1067 363 1114 dam
384 1085 507 1131 aegro
527 1071 618 1119 sibi
639 1073 910 1135 tempestive
929 1071 1162 1119 dedisset)
1247 1069 1448 1117 Inducta
1473 1077 1586 1117 teste

254 1132 304 1178 in
320 1142 497 1195 senatu,
523 1136 558 1163 ‘⁴
581 1135 753 1197 Haec,”
785 1137 955 1198 inquit,
983 1135 1020 1163 “
1039 1137 1201 1183 matris
1220 1150 1336 1182 meae
1355 1134 1520 1181 liberta
1541 1143 1586 1182 et

256 1198 458 1245 ornatrix
480 1198 571 1246 fuit
586 1216 600 1245 ε
627 1201 707 1248 sed
726 1216 803 1248 me
824 1207 1073 1263 patronum
1089 1215 1267 1262 semper
1287 1199 1586 1246 existimavit.

255 1260 363 1308 Hoc
395 1261 498 1310 ideo
525 1263 644 1323 dixi,
672 1265 799 1327 quod
830 1264 1026 1325 quidam
1053 1272 1164 1312 sunt
1191 1264 1345 1312 adhuc
1374 1264 1424 1309 in
1445 1263 1585 1310 domo

253 1326 375 1385 mea,
407 1327 491 1388 qui
520 1342 596 1374 me
627 1337 875 1391 patronum
895 1343 990 1375 non
1020 1330 1237 1390 putant.”
1302 1328 1394 1376 Sed
1427 1335 1474 1374 et
1500 1343 1586 1391 pro

254 1389 492 1451 tribunali,
523 1392 822 1441 Ostiensibus
889 1392 1083 1439 uiddam
1110 1393 1298 1456 publice
1329 1393 1584 1453 orantibus,

255 1468 363 1501 cum
420 1455 757 1517 excanduisset,
805 1459 840 1485 “
917 1457 1005 1504 ihil
1054 1457 1222 1506 habere
1268 1458 1371 1518 se,”
1415 1457 1585 1504 vocife-

253 1526 380 1567 ratus
408 1527 494 1580 est,
520 1523 554 1549 ‘⁶
576 1535 717 1584 quare
738 1537 814 1570 eos
834 1522 1145 1572 demereatur:
1183 1523 1223 1572 si
1245 1537 1386 1586 quem
1418 1520 1583 1582 alium,

253 1591 299 1630 et
328 1598 378 1630 se
397 1584 597 1633 liberum
626 1587 776 1634 esse-’⁹
841 1587 1084 1635 Nam‘illa
1106 1591 1209 1651 ejus
1230 1587 1516 1651 quotidiana,
1541 1594 1587 1634 et

251 1648 391 1710 plane
437 1652 649 1698 omnium
688 1650 906 1698 horarum
959 1659 1007 1698 et
1057 1661 1397 1700 momentorum
1439 1658 1583 1710 erant,

254 1715 291 1740 ‘⁶
310 1712 449 1771 Quid
463 1717 485 1762 Ρ
520 1729 607 1778 ego
619 1716 707 1763 tibi
723 1715 1024 1777 Theogonius
1037 1715 1195 1764 videor
1209 1719 1269 1766 ?”
1288 1725 1349 1776 et,
1376 1716 1412 1742 “
1427 1722 1585 1774 Λαλει,

252 1794 325 1823 και
347 1795 411 1835 μη
433 1779 671 1837 θιγγαη·”
702 1779 946 1842 multaque
979 1780 1107 1839 talia,
1132 1782 1272 1828 etiam
1292 1778 1485 1841 privatis
1507 1776 1587 1824 de-

249 1839 437 1903 formia,
461 1843 633 1890 nedum
654 1844 862 1907 Principi
892 1859 1043 1906 neque
1072 1843 1323 1892 infacundo
1342 1856 1494 1903 neque
1514 1842 1586 1887 in-

246 1905 404 2017 ἓὲἕέο,
439 1906 586 1956 immo
626 1908 766 1956 etiam
797 1908 1089 1972 pertinaciter
1118 1908 1387 1955 liberalibus
1420 1905 1588 1953 studiis

316 2033 457 2099 (41.)
512 2035 772 2085 Historiam
813 2037 865 2083 in
907 2033 1230 2095 adolescentia,
1273 2034 1486 2082 hortante
1523 2033 1586 2080 Τ.

247 2098 410 2161 Livio,
435 2100 643 2164 Sulpicio
659 2117 765 2149 vero
777 2100 927 2148 Flavo
942 2100 1083 2147 etiam
1105 2100 1371 2163 adjuvante,
1396 2098 1590 2146 scribere

246 2177 499 2226 aggressus
520 2174 603 2213 est.
635 2164 718 2228 Et,
744 2180 853 2213 cum
874 2166 1082 2228 primum
1103 2163 1332 2226 frequenti
1358 2162 1589 2210 auditorio

245 2229 573 2290 commisisset,
598 2246 717 2293 aegre
740 2229 949 2294 perlegit,
981 2228 1271 2291 refrigeratus
1305 2243 1426 2290 saepe
1458 2242 1487 2273 a
1518 2241 1589 2274 se-

243 2300 350 2339 met
378 2293 397 2339 i
430 2307 497 2340 so.
560 2295 706 2355 Nam,
738 2309 862 2354 cum,
893 2294 1029 2340 initio
1056 2293 1350 2352 recitationis,
1375 2290 1589 2339 defractis

244 2371 392 2421 comp
410 2359 575 2406 uribus
594 2358 827 2407 subselliis
848 2359 1069 2405 obesitate
1090 2357 1353 2420 cujusdam,
1366 2357 1487 2403 risus
1508 2370 1589 2401 ex-

243 2429 385 2469 ortus
411 2431 560 2482 esset;
595 2438 654 2470 ne
688 2422 845 2471 sedato
877 2422 1070 2485 quidem
1099 2422 1309 2469 tumultu
1341 2429 1592 2483 temperare

241 2486 426 2552 potuit,
451 2487 568 2549 quin
590 2503 650 2534 ex
672 2487 913 2535 intervallo
934 2486 1131 2534 subinde
1151 2487 1262 2534 facti
1283 2485 1591 2532 reminiscere-

242 2558 347 2611 tur,
374 2550 715 2616 cachinnosque
735 2560 977 2600 revocaret.
1036 2551 1096 2598 In
1116 2552 1379 2614 principatu
1402 2564 1590 2612 quoque

239 2622 295 2662 et
315 2616 506 2680 scripsit
524 2616 800 2679 plurimum,
825 2624 870 2664 et
899 2616 1084 2664 assidue
1113 2616 1321 2663 recitavit
1344 2630 1425 2678 per
1451 2612 1591 2662 lecto-

236 2694 366 2730 rem.
436 2679 635 2730 Initium
663 2689 820 2730 autem
852 2683 1022 2729 sumsit
1047 2680 1251 2729 historiae
1283 2688 1387 2744 post
1418 2678 1589 2728 caedem
