1950 3100
572 161 708 227 (Π.)
771 156 1152 210 AUGUSTUS.
1218 162 1297 208 29.
1539 160 1602 214 ω

261 299 1605 421 ἓξὴΡω“οη,Ῥ““οξᾚὲἐ“ἔὲηξεᾙέυ“ιῖἚᾚῖἴεωῗ-ζ

262 431 316 463 ac
337 419 524 465 tertium
547 433 655 466 eum
678 418 870 482 collega,
892 418 1100 465 medium
1122 418 1261 466 solus.

324 480 462 546 (28.)
494 482 571 530 De
584 483 814 531 reddenda
833 482 1069 545 republica
1083 484 1157 531 bis
1172 482 1417 545 cogitavitz
1443 479 1602 544 primo

258 553 364 606 post
384 560 655 609 oppressum
675 549 834 595 statim
845 548 1126 607 Antonium,
1147 562 1338 607 memor,
1363 547 1598 608 objectum

259 610 320 655 ab
348 624 404 656 eo
433 612 527 657 sibi
556 612 740 674 saepius,
764 613 900 674 quasi
927 626 1011 673 per
1037 612 1195 673 ipsum
1224 618 1379 671 staret,
1412 625 1471 656 ne
1491 608 1595 656 red·

261 672 471 733 deretur3
497 690 551 722 ac
571 690 728 723 rursus
749 677 887 724 taedio
900 675 1131 722 diuturnae
1152 674 1459 732 valetudinis3
1486 687 1598 721 cum

261 737 417 798 etiam,
448 741 795 801 magistratibus
823 756 877 788 ac
899 748 1059 787 senatu
1081 739 1274 786 domum
1296 740 1469 800 accitis,
1493 738 1592 785 Ra-

258 801 510 849 tionarium
530 805 712 866 imperii
733 804 935 852 tradidit.
970 803 1080 864 Sed,
1102 812 1336 865 reputans,
1360 811 1407 850 et
1428 818 1477 850 se
1496 803 1597 864 pria

262 873 423 912 vatum
444 881 538 914 non
558 869 656 915 sine
686 869 889 931 periculo
908 868 1022 929 fore,
1045 875 1091 914 et
1121 867 1253 913 illam
1283 867 1490 929 plurium
1522 881 1596 913 ar-

260 929 399 977 bitrio
430 939 595 979 temere
625 934 868 994 committi,
886 976 890 980 .
905 934 956 979 in
986 930 1223 978 retinenda
1258 931 1594 993 perseveravit3

259 992 473 1057 dubium,
507 1004 671 1044 eventu
699 997 902 1056 meliore,
935 1009 997 1042 an
1019 995 1266 1042 voluntate.
1332 994 1494 1053 Quam
1515 980 1596 1041 vo·
1623 996 1640 1007 ‘

259 1055 486 1106 luntatem
500 1075 608 1107 cum
622 1075 718 1123 prae
732 1076 780 1108 se
794 1060 1047 1109 identidem
1067 1059 1217 1120 ferret,
1236 1058 1440 1121 quodam
1455 1058 1597 1104 etiam

254 1120 409 1170 edicto
427 1124 503 1171 his
524 1127 673 1173 verbis
694 1133 887 1173 testatus
908 1133 1006 1172 est:
1045 1126 1081 1152 ‘⁶
1102 1123 1181 1170 Ita
1200 1123 1321 1169 mihi
1340 1122 1517 1169 salvam
1540 1137 1598 1169 ac

260 1188 479 1248 sospitem
498 1191 834 1251 rempublicam
862 1191 1020 1237 sistere
1043 1189 1095 1235 in
1115 1187 1203 1235 sua
1223 1186 1328 1235 sede
1347 1186 1499 1246 lioeat,
1523 1196 1598 1233 at-

261 1264 352 1312 que
373 1254 474 1312 ejus
492 1254 558 1299 rei
579 1254 780 1301 fructum
795 1254 1039 1316 percipere,
1058 1267 1197 1314 quem
1212 1259 1335 1314 peto,
1353 1260 1408 1298 ut
1427 1252 1594 1314 optimi

259 1316 408 1362 status
444 1325 601 1364 auctor
637 1319 790 1377 diear3
825 1326 872 1364 et
907 1318 1107 1365 moriens
1143 1323 1199 1363 ut
1228 1316 1373 1362 feram
1408 1331 1594 1363 mecum

258 1393 407 1440 spem,
442 1394 660 1429 mansura
689 1384 738 1430 in
771 1383 964 1444 vestigio
996 1396 1081 1428 suo
1109 1380 1411 1428 fundamenta
1440 1381 1594 1442 reipu-

257 1443 409 1504 blicae,
449 1460 554 1507 quae
586 1449 786 1508 jecero.”
852 1446 1075 1508 Fecitque
1110 1446 1211 1507 ipse
1248 1461 1297 1493 se
1334 1453 1593 1507 compotem

256 1509 370 1570 voti,
394 1510 523 1558 nisus
544 1511 673 1558 omni
701 1510 857 1573 modo,
890 1525 949 1559 ne
969 1524 1111 1574 quem
1130 1511 1241 1558 novi
1270 1511 1418 1558 status
1447 1511 1596 1573 poeni·

321 1638 461 1703 (29.)
493 1641 687 1702 Urbem,
717 1655 867 1704 neque
890 1656 974 1703 pro
998 1644 1238 1704 majestate
1258 1639 1442 1702 imperii
1460 1653 1596 1686 orna-

254 1710 369 1764 tam,
402 1712 448 1751 et
477 1706 855 1753 inundationibus
883 1705 1197 1768 incendiisque
1218 1705 1485 1764 obnoxiam,
1511 1719 1595 1750 exa

254 1765 401 1815 coluit
438 1769 568 1830 adeo,
603 1778 657 1817 ut
686 1773 790 1832 Jure
828 1772 890 1817 sit
930 1767 1169 1832 gloriatus,
1214 1783 1517 1816 marmoream
1547 1784 1597 1816 se

252 1831 526 1895 relinquere,
551 1849 695 1896 quam
715 1834 967 1881 latericiam
983 1834 1241 1896 accepisset.
1278 1832 1455 1879 Tutam
1472 1846 1596 1892 vero,

255 1906 488 1957 quantum
525 1898 753 1959 provideri
787 1899 996 1946 humana
1030 1899 1207 1944 ratione
1248 1897 1417 1957 potuit,
1454 1896 1595 1942 etiam

252 1960 306 2006 in
327 1970 565 2022 posterum
595 1963 823 2024 praestitit.
890 1962 1091 2008 Publica
1122 1974 1259 2022 opera
1279 1959 1484 2021 plurima
1512 1974 1595 2005 ex..

252 2027 456 2073 struxit:
493 2041 553 2072 ex
586 2028 757 2089 quibus
789 2026 863 2073 vel
893 2027 1142 2088 praecipua,
1176 2023 1328 2070 forum
1360 2037 1468 2069 cum
1500 2023 1597 2070 aede

253 2087 433 2137 Martis
452 2089 647 2150 Ultoris,
670 2091 899 2153 templum
913 2089 1154 2152 Apollinis
1168 2088 1218 2133 in
1234 2086 1433 2146 Palatio,
1452 2086 1598 2134 aedem

256 2152 490 2200 Tonantis
511 2154 547 2200 J
550 2155 648 2202 ovis
670 2156 719 2201 in
743 2154 991 2217 Capitolio.
1047 2153 1157 2200 Fori
1178 2150 1443 2198 exstruendi
1458 2166 1598 2199 causa

253 2216 349 2264 fuit
377 2218 625 2265 hominum
656 2227 703 2265 et
728 2219 1010 2280 judiciorum
1040 2215 1308 2275 multitudo,
1335 2230 1441 2277 quae
1470 2216 1596 2263 vide-

254 2281 410 2342 batur,
451 2296 545 2329 non
582 2282 914 2330 sufficientibus
951 2282 1150 2340 duobus,
1190 2280 1331 2326 etiam
1362 2279 1495 2326 tertio
1525 2280 1598 2327 ine

253 2344 427 2407 digere.
462 2346 632 2408 Itaque
652 2347 961 2408 festinantius,
986 2345 1182 2393 necdum
1202 2343 1404 2406 perfecta
1424 2344 1598 2393 Martis

250 2409 370 2471 aetle,
406 2410 698 2474 publicatum
733 2419 816 2471 est,
851 2419 1149 2472 cautumque,
1184 2417 1239 2455 ut
1266 2410 1515 2483 separatim
1548 2409 1599 2455 in

253 2472 1390 2601 ffidfflffississfflffffioeihffi‘ssffirssuffffi
1410 2472 1603 2598 ἓξὲξ

250 2611 490 2665 suscepto,
517 2611 716 2651 voverat.
784 2604 952 2651 Sanxit
973 2616 1096 2665 ergo,
1121 2608 1176 2648 ut
1196 2600 1255 2647 de
1274 2600 1409 2647 bellis
1436 2601 1603 2648 trium-

256 2665 461 2730 phisque
497 2666 578 2715 hie
614 2667 925 2716 consuleretur
954 2673 1167 2715 senatum
1201 2664 1462 2728 provincias
1491 2677 1601 2712 cum
