1950 3100
307 148 373 195 5⁶
618 142 752 208 (11.)
815 139 1199 192 Aususws.
1263 140 1344 196 27·

317 274 476 322 decem
505 285 650 320 annos
680 270 1049 320 administruit.
1082 270 1135 316 in
1155 283 1251 331 quo
1278 267 1447 316 restitit
1467 268 1661 331 quidem

320 337 612 399 aliquamdiu
645 335 850 397 collegis,
885 350 944 382 ne
974 350 1072 398 qua
1100 333 1229 380 fieret
1256 334 1545 396 proscriptio,
1580 335 1663 381 sed

320 404 552 462 inceptam
574 409 770 461 utroque
790 401 998 447 acerbius
1019 397 1236 446 exercuit.
1301 398 1542 460 Namque,
1566 399 1665 446 illis

321 467 373 512 in
394 464 649 510 multorum
680 477 801 525 saepe
830 477 1074 525 personam
1103 476 1185 523 per
1214 462 1413 572 gratiam
1437 470 1484 508 et
1507 478 1666 540 preces

324 528 653 587 exorabilibus,
699 527 825 576 solus
867 534 1146 604 magnopere
1190 525 1403 573 contendi
1389 527 1440 585 t,
1484 541 1544 573 ne
1587 529 1668 574 cui

325 599 611 656 parceretur·
646 593 1004 655 proscripsitque
1033 591 1174 638 etiam
1195 589 1252 637 C.
1280 588 1557 649 Toranium,
1590 600 1668 639 tu·

325 665 472 704 torem
487 671 643 716 suum,
654 656 962 718 eumdemque
984 655 1208 716 collegam
1229 653 1375 714 patris
1391 656 1465 701 sui
1476 654 1670 703 Octavii

327 722 380 768 in
408 720 639 768 aedilitate.
703 721 880 768 Junius
910 720 1189 768 Saturninus
1218 717 1328 765 hoc
1339 718 1543 780 amplius
1574 728 1670 768 tra-

326 785 426 832 dit:
477 800 600 845 cum,
635 785 820 847 peracta
862 784 1207 847 proscriptione,
1248 782 1324 828 M.
1361 782 1571 844 Lepidus
1619 786 1672 831 ιιι

327 858 491 898 senatu
525 849 787 897 excusasset
821 849 1065 911 praeterita,
1097 855 1145 893 et
1177 860 1310 908 spem
1338 846 1593 896 clementiae
1620 849 1674 895 ιιι

329 922 566 977 posterum
575 913 782 974 fecisset,
807 913 1031 975 quoniam
1051 912 1165 958 satis
1191 925 1430 986 poenarum
1450 919 1675 960 exactum

331 988 480 1036 esset;
505 979 630 1025 hunc
651 993 677 1025 e
696 978 876 1025 diverso
895 975 1172 1039 professum,
1191 976 1259 1021 ita
1278 974 1473 1022 modum
1495 991 1544 1022 se
1565 991 1675 1038 prm

330 1043 560 1091 scribendi
584 1044 814 1103 statuisse,
847 1050 903 1088 ut
932 1041 1091 1088 omnia
1123 1038 1215 1087 sibi
1247 1038 1484 1114 reliquerit
1511 1040 1674 1089 libera.

331 1106 395 1154 In
427 1111 561 1170 cujus
592 1115 748 1155 tamen
777 1106 1039 1167 pertinaciae
1068 1103 1402 1165 poenitentiam,
1425 1106 1676 1165 posteaT.

333 1125 533 1218 Vinium
555 1171 966 1232 Philopoemenem,
991 1168 1119 1231 quod
1138 1175 1385 1229 patronum
1406 1183 1546 1214 suum
1568 1184 1679 1231 pro.

333 1236 562 1297 scriptum
591 1234 759 1281 celasse
798 1233 912 1281 olim
942 1233 1181 1292 diceretur,
1221 1232 1420 1295 equesm
1449 1231 1680 1294 dignitate

330 1298 621 1345 honoravit.
659 1297 721 1343 In
751 1296 914 1344 eadem
943 1297 1034 1344 hac
1064 1304 1287 1358 potestate
1316 1295 1569 1358 multiplici
1590 1299 1678 1347 fla-

332 1363 488 1423 gravit
524 1360 716 1408 invidia.
782 1361 913 1407 Nam
948 1369 996 1407 et
1034 1362 1293 1420 Pinarium,
1333 1361 1536 1422 equitem
1575 1363 1679 1412 Ro·

336 1440 548 1485 manum,
573 1440 696 1485 cum,
721 1425 1016 1472 concionante
1047 1440 1111 1485 se,
1146 1424 1351 1472 admissa
1372 1425 1509 1472 turba
1530 1438 1681 1490 paga.

334 1503 518 1550 norum,
550 1489 676 1551 apud
705 1488 894 1551 milites,
927 1490 1209 1539 subscribere
1230 1488 1446 1553 quaedam
1467 1491 1682 1540 anhnad

336 1556 559 1615 vertisset,
600 1555 835 1601 curiosum
873 1568 928 1601 ac
965 1554 1297 1616 speculatorem
1337 1562 1482 1614 ratus,
1522 1571 1681 1606 coram

335 1618 522 1668 confodi
564 1618 836 1681 imperavit:
884 1627 931 1665 et
968 1618 1174 1667 Tedium
1209 1618 1403 1679 Afrum,
1442 1622 1682 1670 consulem

336 1682 647 1744 designatum,
682 1683 796 1746 quia
821 1682 999 1729 factum
1030 1683 1267 1759 quoddam
1295 1697 1437 1731 suum
1470 1686 1684 1749 maligno

339 1751 546 1795 sermone
567 1748 821 1809 carpsisset,
846 1748 988 1794 tantis
1011 1748 1256 1795 conterruit
1283 1748 1441 1808 minis,
1475 1757 1529 1796 ut
1559 1751 1602 1798 is
1633 1766 1685 1800 se

339 1812 848 1924 Ἧὲΐηέἓῗὲωῑῗὲ
843 1811 1685 1938 ffiu‘ssfflsuss’oeffiaemmmmfflffim

339 1941 859 2065 zzfflffizfflffi
869 1892 1088 2052 203355‘2’
1038 1939 1481 2066 affluam
1504 1887 1682 2006 ⁸ss

341 2071 627 2118 centuriones
656 2078 703 2117 et
731 2070 904 2117 milites
931 2076 1120 2131 raptum
1149 2084 1175 2115 e
1205 2019 1442 2131 ffibffiffl'
1459 2016 1687 2121 {QZ}

342 2133 394 2180 in
424 2134 619 2181 modum
650 2134 811 2191 torsit3
847 2148 902 2181 ac
935 2132 1157 2180 fatentem
1193 2131 1313 2179 nihil
1346 2135 1488 2194 jussit
1511 2139 1683 2200 occidi,

339 2198 471 2260 prius
503 2199 650 2246 oculis
681 2200 783 2259 ejus
812 2197 901 2246 sua
928 2211 1075 2244 manu
1105 2196 1310 2245 effossis.
1353 2212 1496 2259 quem
1527 2208 1686 2249 tamen

339 2262 516 2322 scribit,
541 2261 773 2323 colloquio
801 2263 947 2323 petito
965 2260 1238 2309 insidiatum
1270 2261 1376 2321 sibi,
1400 2276 1503 2325 conj
1491 2266 1687 2313 'ectum-

345 2341 437 2387 que
468 2342 498 2372 a
529 2341 578 2372 se
608 2326 659 2372 in
691 2325 964 2384 custodiam,
998 2324 1163 2372 deinde
1189 2324 1319 2372 Urbe
1348 2327 1595 2376 interdicta
1614 2331 1690 2378 di-

343 2390 558 2447 missum,
602 2389 847 2451 naufragio
887 2390 962 2437 vel
998 2390 1231 2437 latronum
1272 2389 1455 2438 insidiis
1497 2395 1691 2469 perisse.

347 2450 670 2499 Tribuniciam
697 2459 968 2513 potestatem
989 2461 1259 2515 perpennam
1279 2455 1481 2515 recepit·
1515 2457 1569 2503 in
1592 2460 1696 2522 qui,

347 2513 489 2560 semel
509 2522 649 2575 atque
668 2516 837 2563 iterum
865 2531 948 2577 per
970 2517 1161 2579 singula
1179 2516 1327 2564 lustra
1348 2517 1574 2580 collegam
1597 2524 1694 2572 sihi

346 2576 592 2635 cooptavit.
659 2577 855 2640 Recepit
888 2588 936 2626 et
972 2594 1156 2629 morum
1192 2580 1444 2643 legumque
1479 2585 1694 2646 regimen
