1950 3100
395 100 490 145 252
745 95 952 161 (v111.)
1016 96 1230 146 o'rno.
1299 99 1374 145 12.

394 237 493 272 rem
522 225 862 286 consolatorios,
895 226 975 273 sed
1009 233 1055 272 et
1086 226 1148 273 ad
1175 225 1483 273 Messalinam
1512 222 1734 281 Neronis,

396 301 539 352 quam
561 290 857 337 matrimonio
876 289 1143 350 destinarat,
1167 289 1495 337 commendans
1513 288 1738 350 reliquias

393 368 501 401 suas
522 360 569 399 et
596 355 884 401 memoriam.
946 353 1200 417 Quidquid
1232 353 1396 400 deinde
1427 353 1734 417 epistolarum

394 425 507 474 erat,
529 430 587 463 ne
603 418 680 466 cui
701 418 907 479 periculo
927 427 1012 465 aut
1026 433 1163 466 noxae
1185 418 1312 480 apud
1328 418 1547 465 victorem
1563 416 1732 474 forent,

394 483 712 528 concremavit.
746 481 921 530 Divisit
936 490 983 529 et
998 484 1218 544 pecunias
1235 482 1500 530 domesticis
1515 496 1576 528 ex
1599 480 1736 542 copiis

424 546 618 592 raesenti.

391 559 425 638 Ρ
459 606 597 673 (11.)
630 610 795 672 Atque
815 611 883 657 ita
903 619 1109 672 paratus,
1132 611 1430 672 intentusque
1450 612 1554 671 jam
1574 608 1734 666 morti,

394 673 604 721 tumultu
625 675 743 720 inter
762 689 914 722 moras
935 682 1113 733 exorto,
1135 682 1191 720 ut
1212 689 1306 734 eos,
1331 675 1416 736 qui
1432 674 1666 720 discedere
1686 679 1736 718 et

394 738 521 785 abire
534 740 811 800 coeptabant,
819 739 984 800 corripi
1000 739 1138 801 quasi
1152 737 1414 798 desertores,
1426 737 1730 798 detinerique,

395 802 561 850 sensit:
601 805 635 830 “
656 801 1010 864 Adjiciamus,”
1032 803 1204 864 inquit,
1231 805 1266 829 “
1283 804 1393 850 vitae
1411 810 1462 849 et
1480 801 1603 848 hanc
1623 815 1733 847 noc-

395 868 546 924 tem,”
567 866 643 914 his
672 867 788 928 ipsis
817 865 1103 928 totidemque
1131 867 1282 913 verbis
1297 866 1606 928 z‘vetuitque,
1634 866 1735 912 vim

396 931 619 994 cuiquam
639 931 761 979 fieri:
792 939 854 991 et,
876 931 926 976 in
947 945 1102 977 serum
1121 943 1272 992 usque
1292 938 1477 992 patente
1498 928 1734 988 cubiculo,

396 996 439 1043 si
460 996 569 1058 quis
596 995 721 1042 adire
742 994 894 1054 vellet,
921 1003 1202 1056 potestatem
1230 996 1305 1042 sui
1332 994 1549 1056 praebuit.
1617 993 1737 1040 Post

395 1058 500 1118 hoc,
525 1059 682 1106 sedata
709 1059 788 1107 siti
809 1058 973 1121 gelidae
995 1074 1131 1120 aquae
1159 1060 1361 1120 potione,
1383 1059 1583 1120 arripuit
1612 1056 1733 1105 duos

393 1124 637 1186 pugiones,
660 1131 720 1183 et,
745 1122 985 1184 explorata
1005 1124 1248 1184 utriusque
1269 1124 1382 1181 acie,
1406 1135 1518 1169 cum
1533 1121 1733 1169 alterum

393 1187 591 1248 pulvino
633 1187 929 1244 subdidisset,
973 1186 1152 1233 foribus
1194 1186 1423 1249 adopertis
1473 1186 1733 1234 arctissimo

394 1265 557 1298 somno
588 1252 780 1312 quievit.
842 1251 925 1310 Et,
958 1251 1080 1298 circa
1104 1250 1258 1297 luoem
1289 1249 1481 1297 demum
1511 1264 1734 1312 experge-

393 1313 560 1373 factus,
592 1328 688 1361 uno
716 1329 764 1361 se
792 1315 973 1375 trajecit
1002 1315 1098 1361 ictu
1126 1314 1249 1361 infra
1274 1315 1445 1362 laevam
1469 1314 1730 1376 papillamz

391 1378 847 1440 irrumpentibusque
883 1378 944 1425 ad
1010 1378 1182 1426 rimum
1212 1380 1469 1446 gemitum,
1488 1378 1631 1427 modo
1660 1393 1734 1426 ee-

392 1441 512 1500 lans,
533 1440 674 1488 modo
694 1441 909 1504 detegens
935 1457 970 1504 p
1166 1443 1460 1491 exanimatus
1480 1451 1566 1503 est,
1590 1452 1639 1490 et
1660 1457 1733 1490 ee-

392 1504 544 1553 leriter
565 1503 698 1570 (nam
728 1507 797 1554 ita
823 1506 1121 1571 praeceperat)
1143 1506 1400 1567 funeratus,
1424 1508 1660 1556 tricesimo
1688 1515 1736 1555 et

391 1579 556 1618 octavo
576 1571 724 1619 aetatis
746 1585 883 1633 anno,
905 1578 952 1618 et
972 1572 1272 1634 nonagesimo
1291 1580 1339 1619 et
1360 1572 1531 1633 quinto
1544 1572 1734 1637 impaii

391 1635 482 1683 die.
931 1654 936 1657 ’

459 1699 599 1765 (12.)
631 1700 790 1751 Tanto
817 1700 1022 1749 Othonis
1049 1703 1208 1749 animo
1232 1716 1534 1764 nequaquam
1562 1715 1733 1763 eorpus

391 1773 477 1813 aut
496 1764 686 1813 habitus
707 1765 957 1827 competiit.
1023 1766 1191 1813 Fuisse
1210 1767 1334 1812 enim
1357 1765 1556 1812 uadimr
1569 1773 1615 1812 et
1630 1779 1734 1813 mo-

392 1829 510 1878 dicae
529 1837 730 1889 staturae,
754 1838 800 1876 et
818 1828 941 1876 male
960 1829 1158 1891 pedatus
1173 1831 1508 1892 seambusquez
1543 1828 1735 1876 mundi-

391 1895 565 1941 tiarum
587 1908 693 1940 vero
720 1908 850 1955 paene
876 1893 1196 1954 muliebrium,
1220 1894 1355 1941 vulso
1380 1908 1584 1957 corpore,
1605 1893 1733 1956 gale-

390 1958 538 2006 riculo
560 1959 701 2019 capiti
728 1965 914 2019 propter
941 1957 1176 2004 raritatem
1204 1957 1481 2019 capillorum
1512 1958 1736 2020 adaptato

392 2029 440 2068 et
477 2037 675 2080 annexo,
714 2030 771 2069 ut
804 2035 941 2068 nemo
976 2022 1286 2084 dignosceret:
1328 2022 1448 2084 quin
1477 2030 1525 2069 et
1561 2022 1733 2069 fadem

391 2086 1032 2212 ἓὶιέοιξιεὼὲῐθιεῐῐῗῖιίιὶιιιῗὲἒορὲᾟὲ
1051 2086 1623 2212 lanugssgnffibfflffizm
1643 2104 1733 2197 ung

393 2227 538 2274 quam
569 2222 711 2262 esset:
748 2229 876 2261 sacra
905 2215 1047 2261 etiam
1079 2213 1223 2262 Isidis
1254 2229 1375 2275 saepe
1403 2215 1456 2260 in
1483 2214 1632 2261 lintei
1662 2230 1737 2262 re-

390 2275 649 2339 ligiosique
671 2287 794 2325 veste
814 2278 1058 2339 propalam
1079 2279 1342 2327 celebrasse.
1392 2277 1484 2325 Per
1507 2293 1616 2340 quae
1636 2278 1739 2327 fac-

389 2346 494 2385 tum
513 2349 692 2401 putem,
716 2349 771 2388 ut
790 2356 915 2389 mors
943 2345 1065 2404 ejus,
1094 2343 1288 2390 minime
1316 2356 1574 2403 congruens
1603 2343 1737 2403 vitae,

389 2405 557 2463 majori
576 2405 801 2452 miraculo
821 2405 976 2452 fuerit.
1026 2407 1179 2454 Multi
1197 2402 1500 2469 praesen'tium
1520 2407 1741 2455 militum

388 2477 498 2509 cum
519 2466 721 2526 plurimo
741 2468 853 2515 fletu
875 2484 1045 2517 manus
1073 2486 1128 2518 ac
1156 2471 1297 2532 pedes
1313 2471 1512 2532 jacentis
1534 2486 1741 2519 exoscu-

384 2522 485 2584 hti,
514 2531 561 2600 “⁶
581 2529 886 2579 fortissimum
908 2533 1078 2595 virum,
1103 2534 1297 2582 unicum
1331 2535 1741 2597 Imperatorun,”

384 2588 696 2651 praedicantes,
730 2594 905 2642 ibidem
935 2598 1112 2658 statim,
1135 2613 1219 2646 nec
1240 2598 1402 2661 procul
1423 2616 1453 2646 a
1472 2614 1607 2662 rogo,
1634 2601 1741 2647 vim
