1950 3100
1474 0 1709 10 >ὴ--..-μκ,.μᾈμ

666 151 849 219 (vn.)
914 154 1172 203 GALBA.
1237 161 1284 204 5.
1539 160 1634 206 235

303 296 432 344 nam,
452 280 736 331 sinisuorsus
756 282 949 332 Fundos
973 249 1248 346 petentibus.
1313 283 1583 347 Adoptatus
1603 303 1634 335 a

302 346 498 395 noverca
532 346 635 407 sua,
672 346 868 395 Livium
901 361 1068 395 nomen
1101 355 1148 394 et
1175 345 1350 395 Ooellae
1377 362 1628 411 cognomen

301 412 537 472 assumsit,
582 418 763 459 mutato
804 411 1097 474 praenomine.
1168 411 1297 458 Nam
1338 419 1384 459 et
1425 412 1630 462 Lucium

303 490 433 548 mox,
455 490 541 537 pro
560 475 735 535 Servio,
762 491 912 538 usque
938 475 1000 523 ad
1027 482 1211 539 tempus
1231 476 1413 537 imperii
1432 492 1629 540 usurpa-

302 541 388 588 vit.
452 539 661 600 Constat,
683 539 958 602 Augustum
979 554 1124 601 puero
1143 538 1312 598 adhuc,
1335 540 1558 589 salutanti
1578 558 1629 591 se

301 605 423 652 inter
448 603 664 666 equales,
694 603 980 683 apprehensa
997 602 1197 651 buccula
1222 602 1412 664 dixisse,
1445 613 1608 653 καισυ
1554 625 1629 665 συ,

302 686 355 715 τε
358 685 467 728 nvos,
488 686 570 721 της
589 685 774 744 αρχης,
750 686 867 725 ημων
883 668 1164 732 παρατρωξῃ.
1208 666 1301 715 Sed
1320 677 1367 715 et
1388 668 1624 732 Tiberius,

298 731 739 793 cumcomperisset,
770 731 1254 793 imperaturumeum,
1286 746 1446 779 verum
1474 734 1525 781 in
1555 749 1626 782 se-

296 795 459 844 necta·
496 797 533 824 “
552 795 700 843 Vivat
732 797 894 855 sane,”
937 796 1021 856 ait,
1065 796 1102 824 ‘⁶
1122 793 1310 858 quando
1350 796 1400 844 id
1437 797 1498 845 ad
1539 812 1624 847 nos

297 860 421 908 nihil
449 860 693 921 pertinet.”
756 859 868 907 Avo
899 873 1087 922 quoque
1117 862 1235 921 eJus,
1268 858 1429 937 fulgur
1457 876 1623 924 procu-

295 924 434 984 ranti,
457 934 565 971 cum
582 932 692 972 exta
709 923 768 972 de
794 925 1014 972 manibus
1042 923 1203 985 aquila
1229 924 1472 987 rapuisset,
1501 933 1549 972 et
1572 927 1624 973 in

292 988 563 1050 frugiferam
606 1003 829 1051 quercum
876 986 1159 1049 contulisset,
1211 1002 1483 1049 responsum
1535 998 1622 1050 est,

292 1067 551 1113 summum,
585 1052 666 1101 sed
697 1067 868 1114 serum,
900 1051 1147 1113 imperium
1179 1052 1391 1113 portendi
1416 1052 1621 1103 familia.

293 1117 366 1165 Et
393 1116 475 1164 ille
503 1117 710 1177 irridens,
744 1118 780 1146 “
801 1116 976 1177 Sane,’'
1202 1117 1240 1144 “
1260 1129 1368 1162 cum
1389 1116 1521 1164 mula
1539 1132 1621 1180 pe-

291 1182 511 1244 pererit.”
575 1182 715 1229 Nihil
734 1196 866 1244 aeque
884 1188 1044 1243 postea
1007 1130 1259 1228 ωὸιιῃιαω
1279 1188 1531 1228 tentantem
1550 1197 1622 1230 res

326 1245 763 1308 ovasoonfirmavig
793 1259 937 1307 quam
964 1243 1108 1292 mulae
1133 1252 1322 1309 partus.
1358 1259 1424 1293 cae
1563 1261 1623 1294 ue

293 1318 353 1359 ιιι
371 1312 636 1358 obscoenum
655 1318 889 1368 ostentum
909 1308 1276 1370 abhorrentibus,
1299 1308 1425 1358 solus
1445 1325 1530 1372 pro

294 1375 478 1489 §affl
493 1365 1383 1501 fflQmffmmiaffivfiffinffl
1413 1376 1622 1516 ξὲηᾷἔζ

296 1505 666 1552 “stareseante
686 1502 805 1552 fores
826 1502 1069 1563 defessam,
1093 1510 1153 1563 et,
1183 1503 1276 1551 nisi
1296 1505 1623 1568 ocyusrecipe-

291 1576 434 1627 retur,
468 1568 744 1631 cuicumque
775 1569 913 1616 obvio
947 1568 1118 1631 praedae
1137 1568 1397 1617 futur-m?
1462 1569 1624 1632 thue

290 1632 548 1694 evigilavit,
586 1641 745 1696 aperto
780 1635 912 1693 atrio,
946 1632 1248 1681 simulacrum
1280 1648 1459 1680 aeneum
1488 1632 1621 1694 Deae,

290 1697 487 1747 cubitali
509 1699 681 1759 majus,
708 1699 848 1759 juxta
867 1696 1014 1744 limen
1040 1695 1245 1745 invenit:
1281 1696 1425 1759 idque
1449 1699 1625 1758 gremio

288 1777 378 1810 suo
404 1758 684 1821 Tusculum,
715 1762 799 1809 ubi
833 1762 1042 1809 aestivare
1078 1761 1336 1819 consuerat,
1372 1762 1544 1820 avexit,
1579 1772 1626 1810 et

284 1827 337 1873 in
368 1833 498 1889 parte
542 1825 715 1873 aedium
758 1831 1088 1883 consecratum,
1120 1825 1368 1871 menstruis
1410 1823 1624 1888 deinceps

285 1890 705 1954 supplicationibus
747 1899 793 1937 et
831 1887 1076 1952 pervigilio
1112 1888 1421 1934 anniversario
1458 1888 1617 1937 coluit.

284 1955 597 2016 Quamquam
628 1961 759 2002 oetate
787 1952 998 2002 nondum
1023 1951 1266 2010 constanti,
1290 1959 1486 1998 veterem
1508 1953 1622 2000 civi-

283 2021 395 2067 tatis
425 2018 752 2080 exoletumque
782 2032 974 2076 morem,
1009 2030 1063 2063 ac
1098 2023 1282 2063 tantum
1303 2016 1353 2062 in
1374 2014 1514 2063 domo
1536 2019 1623 2065 sua

282 2083 549 2143 haerentem,
591 2083 951 2130 obstinatissime
992 2080 1198 2139 retinuit,
1244 2088 1300 2126 ιιι
1333 2079 1486 2126 liberti
1528 2096 1620 2127 ser-

281 2148 426 2210 vique
445 2147 522 2195 bis
543 2146 618 2194 die
637 2147 898 2209 frequentes
927 2145 1153 2204 adessent,
1186 2158 1240 2190 ac
1265 2158 1401 2191 mane
1429 2143 1617 2206 salvere,

281 2212 461 2274 vesperi
481 2211 646 2271 valere,
670 2212 761 2259 sibi
782 2210 956 2272 singuli
976 2210 1191 2257 dicerent.

347 2273 455 2340 (5.)
487 2275 616 2323 Inter
646 2275 856 2323 liberales
881 2273 1168 2338 disciplinas,
1205 2271 1400 2320 attendit
1433 2280 1480 2320 et
1507 2274 1619 2334 juri.

280 2340 430 2389 Dedit
449 2347 495 2387 et
515 2340 812 2387 matrimonio
830 2354 1046 2420 operam.
1084 2352 1260 2397 verum,
1285 2335 1458 2384 amissa
1473 2352 1618 2401 uxore

278 2403 481 2468 Lepida,
496 2403 772 2466 duobusque
793 2419 852 2451 ex
874 2402 929 2451 ea
941 2403 1069 2460 filiis,
1087 2402 1306 2449 remansit
1320 2402 1369 2447 in
1383 2389 1618 2461 coelibatu‚

278 2484 433 2533 neque
462 2468 698 2516 sollicitari
731 2468 830 2516 ulla
858 2467 1115 2515 conditione
1137 2466 1342 2528 amplius
1367 2465 1536 2527 potuit,
1560 2480 1618 2512 ne

276 2533 561 2596 Agrippinae
594 2531 802 2594 quidem,
836 2532 1040 2580 viduatae
1074 2539 1221 2578 morte
1253 2529 1472 2588 Domitii,
1505 2544 1613 2591 quae

275 2598 502 2645 maritum
523 2610 710 2659 quoque
740 2595 910 2655 adhuc,
942 2595 1142 2643 necdum
1165 2594 1388 2654 eoelibem,
1411 2594 1616 2642 Galbam

275 2662 395 2709 adeo
421 2661 639 2708 omnibus
670 2659 994 2708 sollicitaverat
1023 2658 1190 2719 modis,
1223 2666 1293 2718 ιιι,
1317 2659 1367 2705 in
1387 2666 1614 2706 conventu
