1950 3100
523 156 687 222 (ιιι.)
755 156 1101 213 TIBERIUS·
1165 163 1246 209 25.
1446 165 1536 215 ιιι)

217 289 448 352 probaret,
468 288 502 316 “
524 286 743 347 Ceteros,
765 286 895 350 quod
915 287 1112 349 polliciti
1132 289 1241 349 sint,
1265 289 1394 340 tarde
1408 306 1525 355 prae-

211 361 344 402 stare.
378 351 460 401 sed
490 351 662 414 ipsum,
698 351 828 414 quod
858 359 1059 414 praestet,
1091 352 1220 400 tarde
1263 354 1525 415 polliceri.”

216 416 429 476 Tandem,
463 416 600 494 quasi
630 424 833 527 coactus,
865 423 912 462 et
943 419 1198 478 querens,‘
1202 419 1528 471 ‘miseramet

214 495 434 529 onerosam
467 479 655 542 injungi
688 480 761 528 sib
760 479 781 526 i
816 479 1137 541 servitutem‚”
1174 483 1345 544 recepit
1376 485 1526 547 impe..

211 547 350 602 rium3
384 559 468 592 nec
497 552 654 593 tamen
683 543 832 604 aliter,
865 558 1010 605 quam
1039 543 1527 607 undepositurumse

212 608 491 720 quandoque,
548 622 679 671 spem
733 607 913 655 faceret.
977 607 1137 670 Ipsius
1192 613 1331 658 verba
1382 621 1521 662 suntx

264 673 393 721 Dum
423 672 607 721 veniam
637 671 700 721 ad
726 671 777 719 id
812 679 1014 734 tempus,
1041 687 1138 735 quo
1167 675 1300 723 vobis
1333 691 1525 738 aequum

210 738 345 799 possit
376 737 537 798 videri,
564 736 672 785 dare
702 750 785 784 vos
815 735 1026 798 aliquam
1055 738 1279 786 senectuti
1308 754 1424 788 meae
1454 756 1525 789 re-

243 802 411 849 uiem.”

209 817 243 864 q
257 864 400 942 (25.)
431 865 695 915 Cunctandi
717 879 857 912 causa
884 872 983 913 erat
1012 873 1165 913 metus
1195 835 1447 929 undique
1432 885 1523 916 ιιιι-

207 931 474 983 minentium
516 929 867 993 discriminum,
918 936 974 975 ut
1018 944 1155 990 saepe,
1206 930 1432 993 “lupum
1475 949 1526 981 se

204 995 388 1043 auribus
408 988 593 1053 tenere?
597 993 814 1040 ’dica-et.
879 992 1010 1040 Nam
1031 1000 1077 1039 et
1098 1008 1256 1041 servus
1276 994 1523 1058 Agrippa,

206 1059 414 1108 Clemens
448 1058 648 1118 nomine,
688 1071 782 1105 non
817 1056 1198 1104 contemnendam
1239 1072 1436 1106 manum
1472 1061 1524 1107 in

205 1123 424 1171 ultionan
467 1122 647 1170 domini
695 1120 1012 1183 compararat,
1059 1128 1105 1167 et
1148 1121 1210 1168 L.
1255 1123 1524 1172 Scribonius

204 1187 339 1247 Iaibo,
373 1186 446 1235 vir
478 1185 664 1246 nobilis,
698 1200 770 1235 res
803 1199 948 1234 novas
979 1184 1101 1235 elam
1135 1185 1442 1245 moliebatur,
1477 1196 1526 1236 et

200 1250 372 1312 duplex
394 1250 558 1299 seditio
577 1250 838 1310 militum‚'
824 1264 875 1297 ιιι
895 1249 1088 1312 Illyrico
1108 1257 1155 1296 et
1182 1251 1233 1297 in
1254 1250 1522 1314 Germania,

198 1323 356 1362 exorta
375 1323 458 1363 est.
497 1314 799 1391 Flagitabant
819 1315 959 1361 ambo
977 1314 1208 1362 exercitus
1223 1315 1376 1363 multa
1395 1325 1526 1365 extra

197 1380 434 1435 ordinem,
469 1387 574 1426 ante
588 1379 761 1438 omnia,
776 1386 831 1425 ut
845 1385 1138 1440 aequarentur
1155 1380 1387 1442 stipendio
1406 1396 1524 1444 prae-

196 1445 398 1493 turianis.
464 1443 808 1497 Germaniciani
853 1442 1044 1505 quidem
1080 1444 1223 1491 etiam
1260 1444 1526 1507 Principem

194 1507 524 1585 detrectabant,
557 1522 651 1556 non
678 1522 709 1555 a
737 1522 786 1555 se
810 1506 1004 1566 datumg
1040 1507 1318 1571 summaque
1337 1510 1386 1558 vi
1408 1510 1524 1558 Ger-

191 1574 449 1632 manicum,
486 1574 571 1635 qui
606 1581 710 1620 tum
752 1572 812 1619 iis
856 1580 1063 1634 praeerat,
1102 1572 1163 1624 ad
1200 1575 1526 1636 capessendam

191 1638 550 1699 rempublicam,
577 1638 896 1699 perurgebant,
952 1651 1246 1700 quamquam
1286 1638 1527 1686 obfirmate

189 1702 494 1750 resistentem.
559 1701 720 1760 Quem
743 1700 950 1747 maxime
981 1715 1142 1749 casum
1163 1702 1347 1760 timens,
1373 1711 1526 1764 partes

189 1766 299 1827 sibi,
326 1780 448 1827 quas
478 1766 659 1814 senatui
687 1764 865 1824 liberet,
890 1765 1087 1812 tuendas
1116 1765 1167 1811 in
1188 1766 1425 1827 republica
1446 1765 1525 1813 de-

186 1832 438 1892 poposcit,
474 1829 661 1893 quando
705 1830 930 1877 universae
972 1828 1179 1876 sufficere
1221 1829 1347 1877 solus
1390 1844 1528 1877 nemo

185 1903 367 1956 posset,
403 1895 498 1942 nisi
530 1909 638 1942 cum
673 1893 830 1953 altero,
872 1894 947 1941 vel
982 1893 1122 1940 etiam
1154 1907 1263 1939 cum
1296 1893 1526 1954 pluribus.

184 1958 452 2008 Simulavit
471 1967 517 2005 et
541 1957 870 2035 valemdinem,
894 1971 991 2019 quo
1011 1958 1212 2019 aequiore
1233 1956 1391 2003 animo
1410 1956 1527 2005 Ger-

185 2024 412 2071 manicus
434 2023 623 2071 celerem
646 2023 995 2081 successionem,
1021 2021 1095 2067 vel
1116 2028 1234 2068 certe
1264 2020 1528 2069 societatem

182 2087 502 2201 guleltlglelnatzffi
521 2102 723 2214 fixoque,
732 2084 1528 2227 ωέαυᾶξοῗεῗιοᾳῗιῗιδῃωῗιὲἓέξιξιῗ

180 2224 488 2276 potestatem.
538 2216 785 2276 Libonem,
809 2230 868 2262 ne
888 2214 1039 2277 quid
1025 2229 1075 2262 m
1096 2215 1300 2264 novitate
1320 2216 1529 2263 acerbius

179 2278 338 2338 fieret,
364 2281 566 2329 secundo
584 2280 775 2328 demum
796 2281 980 2326 annoin
1002 2288 1159 2327 senatu
1183 2281 1406 2342 coarguit,
1430 2294 1530 2326 me-

178 2341 265 2391 dio
289 2345 521 2407 temporis
542 2346 693 2407 spatio
712 2352 897 2391 tantum
919 2358 1077 2391 cavere
1091 2352 1343 2391 contentus.
1402 2344 1532 2390 Nam

177 2415 227 2453 et
249 2409 386 2456 inter
404 2409 645 2471 pontifices
677 2408 948 2457 sacrificanti
983 2408 1141 2467 simul,
1175 2422 1259 2468 pro
1290 2406 1529 2467 secespita,

176 2471 477 2532 plumbeum
498 2473 703 2521 cultrum
718 2471 1059 2534 subjiciendum
1080 2471 1287 2528 curavit,
1322 2478 1369 2516 et
1390 2485 1534 2517 secre-

173 2543 287 2582 tum
312 2539 513 2598 petenti,
537 2552 648 2598 non,
677 2537 770 2584 nisi
799 2536 1010 2583 adhibito
1040 2534 1199 2582 Druso
1233 2534 1348 2595 filio,
1372 2532 1529 2581 dedit.

174 2598 508 2664 dextramque
523 2600 885 2661 obambulantis,
898 2598 1045 2647 veluti
1065 2600 1352 2659 incumbens,
1377 2596 1534 2660 quoad

173 2673 493 2729 perageretur
513 2680 680 2729 sermo,
704 2664 946 2713 continuit.
1347 2729 1379 2774 3

1268 2740 1303 2775 1.
