1950 3100
350 163 446 211 202
709 221 712 228 ,
746 161 898 226 (vl.)
965 162 1176 210 NERO.
1242 162 1287 217 7.

352 293 455 351 ejus
477 288 635 337 statim
654 291 807 338 multa
826 299 874 339 et
893 290 1194 339 formidolosa
1207 289 1373 337 multis
1391 289 1692 351 conjectanti-

355 356 460 414 bus,
490 357 717 417 praesagio
744 356 839 402 fuit
864 358 1006 403 etiam
1033 355 1234 403 Domitii
1261 355 1406 418 patris
1433 369 1544 414 vox,
1575 354 1696 401 inter

353 418 681 479 gratulationes
711 421 968 468 amicorum
994 421 1222 483 negantis,
1289 418 1520 481 uidquam
1548 433 1610 465 ex
1642 434 1693 465 se

350 489 396 527 et
417 481 700 545 Agrippina,
723 485 813 531 nisi
835 484 1104 532 detestabile
1120 493 1168 531 et
1185 434 1311 531 maio
1330 483 1537 546 publico,
1560 485 1691 530 mci

351 547 567 608 potuisse.
633 549 861 610 EJ’usdem
884 549 1056 596 futurae
1076 548 1358 595 infelicitatis
1381 549 1571 609 signum
1593 548 1690 594 evi-

351 609 464 657 dffls
492 610 570 657 die
597 611 787 661 lustrico
817 614 998 661 exstitit
1011 631 1025 660 ε
1060 628 1172 659 nam
1201 613 1257 660 C.
1289 612 1460 672 Caesar,
1497 620 1691 674 rogante

350 683 607 786 3353„ss
616 676 1688 804 issffiussuffusssshznffinmwofffflss

351 802 479 850 Nero
501 803 748 867 adoptatus
777 815 862 867 est,
890 810 994 868 ejus
1022 821 1071 854 se
1091 806 1215 852 dixit
1235 805 1374 863 dare3
1409 820 1560 867 neque
1589 806 1691 866 ipse

350 869 483 929 saio,
524 869 605 916 sed
640 884 722 931 per
762 873 939 933 jocum,
976 879 1024 918 et
1065 870 1367 932 adspernante
1399 869 1688 931 Agrippina,

352 933 481 993 quod
502 941 606 979 tum
628 934 855 983 Claudius
874 936 993 983 inter
1021 935 1225 981 ludibria
1255 934 1376 981 aulae
1399 942 1512 980 erat.
1580 933 1689 980 Tri-

351 997 511 1044 mulus
538 1007 717 1060 patrem
740 1001 924 1047 amisit:
961 1001 1099 1061 cujus
1127 1014 1187 1045 ex
1213 1007 1345 1061 parte
1369 999 1506 1045 tertia
1524 997 1686 1058 haerae,

351 1073 410 1107 ne
431 1062 552 1109 hanc
572 1063 762 1124 quidem
782 1063 1009 1127 integram
1030 1064 1166 1126 cepit,
1189 1063 1407 1126 correptis
1432 1077 1517 1123 per
1536 1061 1687 1109 cohae-

350 1125 506 1172 redem
543 1127 713 1175 Caium
747 1129 973 1176 universis
1014 1128 1176 1176 bonis:
1212 1135 1274 1188 et,
1309 1126 1509 1174 subinde
1538 1135 1686 1173 matre

351 1190 492 1236 etiam
513 1190 728 1253 relegata,
759 1207 892 1256 paene
912 1194 1047 1256 inops
1078 1200 1222 1254 atque
1242 1206 1395 1253 egens,
1418 1190 1549 1252 apud
1571 1191 1687 1237 amia

349 1260 449 1298 tam
478 1254 709 1316 Lepidam
740 1257 941 1305 nutritus
970 1265 1054 1317 est,
1087 1258 1175 1304 sub
1197 1255 1381 1302 duobus
1400 1270 1435 1316 p
1631 1255 1642 1266 '

350 1316 565 1364 saltatore
585 1327 726 1381 atque
747 1328 940 1368 tonsore.
996 1321 1192 1380 verum,
1215 1319 1416 1367 Claudio
1436 1319 1687 1381 imperium

352 1380 535 1442 adepto,
560 1396 655 1428 non
676 1382 827 1430 solum
847 1393 1061 1446 paternas
1081 1399 1192 1447 opes
1215 1384 1518 1445 recuperavit,
1542 1384 1621 1430 sed
1641 1391 1689 1429 et

352 1444 508 1505 Crispi
546 1445 755 1493 Passieni
800 1449 951 1495 vitrici
989 1451 1064 1497 sui
1095 1448 1360 1495 haereditate
1393 1447 1573 1495 ditatus
1603 1455 1688 1495 est.

352 1508 518 1556 Gratia
552 1509 743 1571 quidem
779 1519 826 1559 et
868 1514 1077 1575 potentia
1115 1520 1338 1560 revocatae
1368 1512 1689 1575 restitutaeque

349 1574 511 1620 matris
548 1589 698 1636 usque
734 1591 788 1623 eo
822 1577 995 1638 floruit,
1040 1585 1095 1625 ut
1138 1584 1371 1624 emanaret
1406 1576 1458 1623 in
1500 1577 1688 1639 vulgus,

350 1637 517 1685 missos
545 1654 575 1685 a
594 1639 868 1701 Messalina,
896 1657 1042 1690 uxore
1065 1641 1270 1701 Claudii,
1296 1642 1382 1703 qui
1409 1656 1521 1688 eum
1549 1641 1689 1688 meri-

349 1701 571 1764 dianem,
595 1706 731 1765 quasi
762 1705 1022 1754 Britannici
1054 1706 1297 1765 aemulum,
1331 1705 1686 1767 strangularenu

348 1765 586 1814 Additum
606 1768 779 1817 fabulae
807 1779 892 1831 est,
921 1771 1124 1830 eosdem,
1147 1770 1343 1817 dracone
1363 1785 1390 1816 e
1416 1770 1614 1832 pulvino
1637 1785 1689 1818 se

347 1832 617 1893 proferente,
642 1835 905 1883 conterritos
924 1835 1163 1897 refugisse.
1197 1834 1323 1893 Quae
1342 1833 1506 1881 fabula
1527 1843 1691 1882 exorta

347 1903 433 1957 est,
458 1896 749 1960 deprehensis
777 1900 829 1946 in
855 1900 974 1947 lecto
1000 1902 1102 1962 ejus
1131 1899 1307 1946 circum
1331 1897 1575 1946 cervicalia
1595 1914 1689 1946 ser-

348 1962 501 2021 pentis
529 1963 741 2011 exuviis=
779 1978 897 2025 quas
924 1972 1095 2025 tamen,
1127 1978 1279 2011 aureae
1306 1963 1503 2010 armillae
1524 1978 1585 2010 ex
1607 1978 1692 2011 vo-

349 2024 529 2073 luntate
554 2028 716 2075 matris
740 2028 957 2089 inclusas,
983 2027 1358 2077 dextrobrachio
1378 2029 1580 2090 gestavit
1600 2028 1691 2074 ali-

350 2088 608 2151 quamdiu3
665 2106 720 2139 ac
762 2093 902 2141 taedio
954 2092 1142 2140 tandem
1194 2100 1413 2140 maternae
1455 2094 1694 2140 m-oriae

348 2155 549 2216 abjecit3
584 2170 851 2219 rursusque,
875 2157 1092 2205 exn-emis
1118 2157 1215 2205 suis
1243 2158 1397 2218 rebus,
1422 2156 1596 2205 frusta-a
1612 2171 1690 2203 re-

384 2219 556 2266 uisivit.

350 2232 382 2279 q
413 2282 434 2347 (
453 2282 523 2347 7.)
558 2283 711 2332 Tener
743 2285 908 2348 adhuc,
932 2285 1132 2333 necdum
1150 2284 1337 2332 matura
1356 2284 1575 2347 pueritia,
1598 2285 1693 2332 eir.

347 2348 559 2395 censibus
589 2349 716 2397 ludis
743 2350 940 2412 Trojam
962 2349 1328 2399 constantissime
1349 2349 1694 2397 favorabiliter.

348 2425 441 2472 que
460 2411 590 2459 lusit.
656 2414 917 2463 Undecimo
937 2416 1086 2464 aetatis
1107 2428 1243 2473 anno,
1268 2429 1299 2460 a
1319 2412 1523 2461 Claudio
1544 2413 1694 2477 adop-

349 2481 474 2522 tatus
495 2485 579 2536 est,
602 2477 878 2543 Annaeoque
900 2481 1099 2540 Senecae,
1125 2482 1227 2542 jam
1248 2485 1361 2525 tunc
1389 2480 1607 2539 senatori,
1640 2480 1694 2526 in

346 2537 642 2601 disciplinam
686 2543 895 2592 traditus.
960 2545 1155 2604 Ferunt,
1202 2543 1423 2590 Senecam
1467 2544 1695 2604 proxima

346 2608 478 2646 nocte
499 2604 652 2650 visum
675 2606 764 2653 sibi
788 2623 871 2669 per
891 2610 1096 2670 quietem
1119 2607 1175 2656 C.
1198 2606 1372 2655 Coesari
1399 2608 1690 2670 precipereg

342 2669 390 2706 et
417 2662 557 2710 fidem
578 2669 759 2716 somnio
781 2671 907 2718 Nero
934 2674 1064 2720 brevi
1083 2672 1210 2731 fecit,
1242 2670 1429 2732 prodita
1462 2671 1692 2720 immani..

1864 2626 1930 3047 s
