1950 3100
362 126 454 173 130
661 123 831 190 (111.)
895 100 1243 174 TIBERIUS,
1308 125 1389 172 62.

363 253 482 300 mini
501 251 763 301 delatorum
789 252 904 300 fides
922 255 1172 315 abrogata.
1231 248 1392 301 Omne
1415 251 1594 299 ctimen
1618 264 1701 313 pro

361 316 549 378 capitali
582 325 836 378 receptum,
869 318 1013 365 etiam
1039 330 1296 380 paucorum
1324 308 1701 392 'simpliciumque

363 381 620 428 verborum.
685 380 943 444 Objectum
963 390 1035 430 est
1055 386 1223 444 postne,
1258 380 1422 444 quod
1406 395 1459 429 ιιι
1479 380 1701 442 tragoedis

362 443 767 505 Agamemnonem
777 447 957 508 probris
977 445 1262 494 lacessisset·
1288 447 1525 508 objectum
1544 453 1592 491 et
1605 443 1700 491 his-

362 509 521 568 torico,
557 508 686 571 quod
714 511 750 538 ‘⁶
772 510 981 557 Brutum
1023 510 1336 573 Cassiumque
1372 509 1565 559 ultimos
1601 508 1699 556 Ro.

360 574 641 620 manorum”
672 573 897 623 dixissetz
933 574 1321 622 animadversum·
1352 580 1423 621 est
1457 571 1618 620 statim
1648 573 1696 620 in

361 643 585 698 auctores,
619 638 883 701 scriptaque
919 638 1113 699 abolita,
1147 638 1366 701 quamvis
1397 637 1699 713 probarentur

361 709 470 748 ante
489 701 673 764 aliquot
693 717 856 764 annos,
889 704 1032 750 etiam
1062 703 1286 765 Augusto
1320 700 1553 760 audiente,
1584 702 1695 748 reci.

362 772 474 812 tata.
541 765 858 828 Quibusdam,
881 766 1103 815 custodite
1125 767 1323 827 traditis,
1334 780 1428 814 non
1442 764 1585 813 modo
1601 773 1698 813 stu-

362 828 503 877 dendi
534 830 753 880 solatium
797 832 1051 892 ademtam,
1085 831 1166 881 sed
1208 833 1353 879 etiam
1387 830 1611 878 sermonis
1644 839 1692 878 et.

363 894 586 957 colloquii
607 911 737 944 usus.
803 897 949 945 Citati
971 896 1033 943 ad
1053 910 1243 944 causam
1264 894 1507 943 dicendam
1528 894 1697 956 partim

364 973 414 1006 se
467 959 596 1007 domi
641 960 1012 1038 vulneraverunt,
1047 961 1159 1010 certi
1199 959 1527 1019 damnationis,
1561 968 1609 1006 et
1637 958 1696 1006 ad

364 1025 671 1137 sessum
685 1023 1695 1164 ἐξιᾚειῆιῖξὲιιιτέιζ

363 1151 426 1199 tis
470 1153 755 1215 vulneribus,
798 1170 853 1202 ac
877 1154 1182 1208 ,semianimes
1225 1153 1617 1216 palpitantesque,
1648 1153 1696 1198 in

365 1229 589 1264 cascerem
606 1219 744 1280 rapti.
802 1219 966 1266 Nemo
980 1219 1253 1281 punitorum
1271 1231 1365 1264 non
1384 1224 1432 1264 ct
1451 1217 1503 1263 in
1525 1216 1696 1264 Gemo-

364 1279 467 1326 nias
505 1282 727 1356 abjectus,
766 1296 980 1344 uncoque
1021 1290 1228 1340 tractus3
1275 1281 1444 1343 viginti
1485 1294 1584 1327 uno
1624 1280 1697 1328 die

369 1340 563 1404 [abjecti
587 1345 812 1407 tractique
833 1348 987 1410 sunt]‚
1010 1346 1225 1394 intereos
1252 1345 1440 1393 feminae
1471 1352 1520 1392 et
1551 1346 1695 1407 pueri.

364 1405 639 1455 Immaturae
672 1409 858 1470 puellae,
893 1411 1009 1471 quia
1041 1425 1169 1458 more
1204 1409 1374 1458 tradito
1408 1408 1541 1457 nefas
1583 1418 1698 1457 esset

365 1471 565 1533 virgines
601 1473 895 1535 strangulari,
928 1475 1104 1523 vitiatae
1131 1473 1560 1551 priusacarnifice,
1593 1473 1699 1520 dein

324 1593 329 1598 .
364 1535 676 1599 sta-angulatae.
741 1537 872 1586 Mori
888 1490 1206 1591 volentibus
1173 1539 1244 1587 vis
1266 1538 1477 1587 adhibita
1497 1537 1697 1587 vivendi.

363 1598 494 1647 Nam
530 1609 728 1650 mortem
764 1603 880 1652 adeo
916 1604 1019 1652 leve
1050 1604 1334 1667 supplicium
1366 1604 1583 1666 putabat,
1628 1612 1696 1666 ut,

363 1676 474 1711 cum
516 1666 737 1747 audisset,
778 1682 929 1717 unum
972 1684 999 1716 e
1044 1670 1150 1731 reis,
1184 1668 1462 1718 can-„nulium
1495 1669 1697 1729 nomine,

363 1729 640 1792 anticipasse
659 1746 780 1794 eam,
798 1733 1140 1795 exclamaverit,
1169 1734 1205 1764 “
1225 1732 1476 1782 can-„nulius
1496 1746 1574 1779 me
1594 1748 1699 1779 eva.

363 1793 474 1841 sit.’'
539 1795 623 1856 Et,
655 1796 707 1844 in
727 1798 1102 1861 recognoscendis
1122 1797 1361 1857 custodiis,
1384 1797 1592 1859 precanti
1603 1798 1700 1843 cui·

363 1857 475 1906 dam
495 1874 643 1921 poenae
673 1864 994 1911 maturitatem
1024 1861 1276 1925 respondit,
1314 1862 1351 1890 ‘⁴
1372 1860 1603 1909 Nondum
1633 1870 1701 1909 te-

365 1926 949 2003 mmingratinmredii.”
1016 1926 1287 1974 Annalibus
1318 1925 1702 1973 suisvirconsu-

363 1987 477 2037 laris
506 1990 716 2053 inseruit,
751 1991 984 2055 frequenti
1010 1990 1249 2055 quondam
1282 1990 1513 2052 convivio,
1549 1992 1628 2037 cui
1658 1997 1705 2037 et

363 2054 464 2115 ipse
498 2053 697 2117 affuerit,
731 2056 1067 2119 interrogatum
1100 2070 1210 2103 eum
1253 2054 1409 2103 subito
1442 2062 1491 2101 et
1523 2055 1647 2103 clare
1676 2068 1705 2100 a

363 2117 571 2179 quodam
610 2134 749 2180 nano,
783 2119 996 2169 adstante
1024 2134 1198 2167 mensae
1226 2120 1347 2166 inter
1382 2132 1592 2180 cupreas,
1624 2132 1706 2167 cur

364 2181 614 2244 Paconius,
636 2186 898 2246 majestatis
918 2200 1042 2245 reus,
1074 2192 1174 2231 tam
1204 2183 1289 2231 diu
1322 2183 1512 2242 viveret,
1545 2183 1707 2232 statim

364 2246 557 2307 quidem
587 2248 896 2309 petulantiam
937 2249 1115 2326 linguas
1157 2246 1441 2310 objmgasse,
1489 2255 1707 2295 coemum

360 2318 469 2370 post
495 2325 668 2373 paucos
687 2312 786 2361 dies
816 2314 1051 2376 scripsisse
1082 2312 1279 2372 senatui,
1300 2318 1356 2359 ut
1376 2310 1434 2358 de
1453 2312 1594 2373 poenfi.
1612 2312 1708 2360 Pa-

362 2376 1110 2518 Ἥὲῗῗξᾘαιῗιέιῗᾱῗῗέ
1127 2439 1371 2500 saevitiam,
1404 2406 1710 2488 exacerbatus

361 2502 533 2550 indicio
554 2501 612 2549 de
631 2512 778 2551 morte
799 2505 888 2553 filii
917 2507 993 2553 sui
1064 2507 1191 2569 rusi,
1229 2519 1372 2566 quem
1404 2518 1516 2551 cum
1543 2507 1711 2553 moebo

361 2567 1607 2696 Z‘mifflffitffiffieeffffli'xfflqw
1621 2581 1710 2692 ἔζ-
