1950 3100
377 162 451 217 sa·
763 160 905 227 (ι)
935 154 1198 211 sumus.
1237 154 1333 219 'm

379 279 1604 354 vdlegmumputisadvasaemvargconcessitz
1639 293 1728 342 nee

378 357 466 406 ulli
481 358 654 419 perisse
674 356 766 403 nisi
785 354 836 402 in
858 354 1022 417 proelio
1040 356 1344 420 reperiuntur,
1370 358 1578 420 exceptis
1600 356 1727 404 dun·

381 428 515 470 taxat
535 419 737 469 Afranio
757 428 805 467 et
823 419 1001 467 Fausto
1019 426 1067 467 et
1087 419 1570 482 L.caesa1·eJuvene;
1596 436 1653 471 ac
1667 436 1731 470 ne

377 486 463 534 hos
494 484 699 548 quidem
741 484 984 532 voluntate
1020 484 1171 547 ipsius
1216 485 1481 533 interemtos
1522 492 1727 548 putant.

379 564 581 614 quorum
609 557 765 596 tamen
784 556 832 596 et
853 549 1043 611 priores,
1072 556 1180 611 post
1201 549 1497 611 impetratam
1518 551 1727 613 veniam,

376 613 739 672 rebellaverant,
770 620 819 661 et
838 613 1009 674 Caesar,
1030 613 1208 662 libertis
1230 613 1463 676 servisque
1484 615 1586 676 ejus
1606 614 1734 664 ferro

376 686 426 726 et
445 678 546 740 igni
567 677 833 726 crudelem’
819 693 870 724 ιιι
890 678 1087 725 modum
1107 679 1293 738 enectis,
1323 678 1496 726 bestias
1515 693 1725 742 quoque,

380 742 443 791 sd
464 757 638 791 munus
658 742 824 806 populi
843 749 1147 805 comparatas,
1171 742 1576 790 contrucidaverat.
1623 742 1729 791 De-

380 807 540 870 nique,
558 815 763 870 tmpore
778 814 1000 868 extremo,
1017 807 1158 854 etiam
1175 807 1349 869 quibus
1362 806 1573 855 nondum
1588 807 1728 869 igno-

381 878 525 933 verat,
541 873 719 920 cunctis
731 872 783 919 in
794 871 987 920 Italiam
1001 870 1147 919 redire
1161 871 1386 933 permisit,
1399 871 1728 933 magistratus-

377 951 473 1000 que
494 945 545 984 et
560 937 757 1001 imperia
776 951 948 1000 capere.
983 935 1075 984 Sed
1089 944 1137 983 et
1149 943 1327 983 stamas
1342 935 1570 983 L.Su11ae
1582 943 1731 998 atque

383 1001 615 1065 Pompeii,
641 1017 687 1051 a
723 1002 860 1078 plebe
900 1000 1133 1062 disjectas,
1168 1000 1388 1062 reposuit.
1453 999 1547 1060 Ac,
1582 1001 1729 1063 siqua

379 1066 575 1129 posthac
608 1075 693 1116 aut
724 1067 1045 1177 cogitarentur
1063 1065 1252 1128 gravius
1286 1063 1505 1113 adversus
1538 1079 1603 1125 se,
1641 1073 1730 1113 aut

378 1131 650 1193 dicerentur,
674 1131 880 1179 inhibere
898 1129 1084 1190 maluit,
1110 1143 1254 1191 quam
1275 1127 1520 1177 vindicare.
1552 1128 1731 1192 Itaque

380 1202 429 1242 et
447 1194 647 1244 detectas
662 1195 999 1257 conjurationes
1013 1201 1356 1257 conventusque
1368 1200 1617 1241 nocturnos
1631 1206 1730 1241 non

381 1259 508 1321 ultra
527 1261 696 1321 arguit,
721 1273 866 1323 quam
881 1266 937 1307 ut
950 1258 1102 1306 edicto
1121 1258 1391 1318 ostenderet,
1413 1271 1511 1315 esse
1530 1257 1623 1305 sibi
1643 1272 1734 1307 no-

381 1330 485 1380 ως
510 1331 558 1370 et
577 1325 736 1371 acerbe
754 1323 1055 1386 loquentibus
1075 1323 1188 1371 satis
1207 1323 1378 1370 habuit
1403 1336 1490 1384 pro
1510 1323 1733 1373 concione

380 1385 667 1446 denuntiare,
681 1401 740 1435 ne
751 1394 1111 1451 perseverarent3
1135 1387 1348 1450 Aulique
1359 1386 1557 1435 Gaednae
1569 1387 1731 1434 erimi-

380 1451 626 1499 nosissimo
642 1452 778 1513 libro,
797 1458 846 1499 et
860 1450 1069 1499 Pitholai
1087 1453 1370 1499 carminibus
1388 1450 1735 1500 maledicentis·

381 1514 529 1627 simis,tuli
552 1516 800 1565 laceratam
824 1515 1043 1564 existima·
947 1515 959 1527 ⁶
1041 1515 1216 1565 tionem
1244 1530 1382 1566 suam
1410 1514 1541 1565 civili
1569 1516 1736 1566 animo

447 1643 468 1708 (
484 1643 587 1709 76.)
605 1642 1733 1709 Praegravanttamencoeterafactadietaqueejns,

383 1716 440 1758 ut
454 1717 501 1756 et
516 1710 689 1757 abusus
711 1709 1041 1770 dominatione,
1058 1715 1106 1756 et
1115 1711 1223 1771 J'ure
1237 1723 1399 1770 caesus,
1416 1709 1731 1758 existimetur.

384 1773 498 1821 Non
507 1774 632 1821 enim
642 1773 836 1823 honores
849 1774 993 1822 modo
1005 1774 1176 1821 nimios
1189 1773 1374 1835 recepit,
1383 1779 1439 1821 ut
1451 1774 1733 1823 continuum

383 1838 694 1900 conuulsum,
717 1845 990 1901 perpetuam
1002 1837 1297 1898 dictaturam,
1313 1837 1732 1902 praefecturamque

383 1915 585 1966 morum,
616 1904 804 1967 insuper
829 1916 1096 1966 proenomen
1123 1902 1438 1965 Imperatoris,
1471 1903 1731 1965 cognomen

386 1968 556 2017 Patris
580 1969 767 2029 Pan-im,
806 1975 1012 2016 statuam
1050 1968 1169 2015 inter
1198 1981 1343 2029 reges,
1382 1975 1657 2029 suggesmm
1679 1968 1732 2015 in

381 2033 643 2091 orchestrag
679 2033 759 2081 sed
773 2041 822 2081 et
833 2027 1061 2100 ampliora
1078 2031 1435 2079 etiamhumano
1445 2031 1637 2095 fastigio
1647 2032 1733 2080 de-

383 2098 608 2146 cei-nisibi
619 2111 785 2161 passus
799 2106 899 2146 est.-
922 2095 1078 2145 sedem
1093 2110 1281 2144 auream
1296 2095 1485 2144 incuria
1498 2097 1735 2159 etprotri-

382 2162 563 2224 bunali,
577 2163 788 2211 thensam
803 2169 850 2210 et
861 2161 1091 2209 ferotssum
1103 2160 1309 2209 Circensi
1322 2160 1515 2224 pompfi,
1534 2161 1730 2223 templa,

382 2241 501 2287 aras,
527 2228 774 2275 simulacra
784 2230 926 2289 juxta
939 2225 1084 2286 Deos,
1101 2224 1335 2287 pulvinar,
1353 2225 1607 2286 flaminem,
1627 2225 1734 2273 Lu-

332 2304 339 2310 ·
571 2292 928 2355 appellationem
940 2291 1113 2338 mensis
1125 2304 1150 2336 e
1163 2304 1249 2337 suo
1259 2291 1460 2337 nomine.
1483 2289 1562 2337 Ac
1572 2289 1735 2339 nullos

382 2361 476 2403 non
504 2355 700 2405 honores
728 2356 789 2403 ad
813 2354 1058 2403 libidinem
1079 2355 1218 2417 cepit,
1244 2362 1292 2401 et
1312 2354 1456 2402 dedit.
1510 2354 1733 2401 Tertium

380 2418 1736 2560 zsfflm‘fffflffssfflmffiffiffiffl

381 2553 526 2655 tagl-qaue
545 2557 742 2611 utroque
766 2563 889 2597 anno
915 2548 1052 2659 bianos
1072 2547 1697 2660 ωιέεὲιΙεοιειιΙιεεὲιιῖιίὲθὲδί·
1679 2561 1733 2595 ιιι

481 2624 535 2658 os
577 2612 854 2659 novissimos
885 2627 936 2659 m
995 2626 1097 2669 sesg
1243 2626 1278 2659 u
1334 2625 1385 2658 m

379 2673 568 2722 comitia
587 2674 719 2723 nnus
730 2673 967 2736 habuerit,
981 2684 1152 2738 preter
1155 2675 1456 2728 tribunorum-
1459 2683 1506 2723 et
1517 2625 1737 2725 ωᾱίῙίἯ

1932 0 1944 249 ἱ

1935 254 1950 525 N
