1950 3100
656 146 806 210 (vi.)
870 147 1083 195 NERO.
1149 149 1197 195 9.
1502 146 1599 195 203

261 284 351 324 tate
387 284 582 335 naturai,
615 275 789 338 quibus
822 276 1028 339 primum
1066 275 1221 337 potuit
1256 273 1595 337 experimentis.

263 341 483 404 Namque
505 341 831 388 Britannicum
853 339 1058 400 fratrem,
1083 339 1211 401 quod
1239 353 1304 399 se,
1327 346 1435 401 post
1453 337 1597 400 adop-

261 406 448 464 tionem,
485 405 829 452 Aenobarbum
867 420 925 451 ex
964 403 1293 452 consuetudine
1333 402 1594 462 salutasset,

261 477 316 516 ut
352 469 643 517 subditivum
679 469 808 532 apud
837 477 1033 530 patrem,
1060 482 1256 529 arguere
1289 476 1480 515 conatus
1509 474 1594 514 est.

261 533 476 580 Amitam
508 541 664 581 autem
689 533 935 609 Lepidam,
969 548 1112 592 ream,
1148 532 1410 579 testimonio
1441 546 1595 579 coram

262 596 445 656 afflixit,
479 597 741 660 gratificans
772 599 926 658 matri,
966 613 998 643 a
1037 595 1133 659 qua
1167 611 1244 643 rea
1287 598 1592 671 premebatur.

161 671 168 677 ⁴
262 661 505 710 Deductus
533 662 584 708 in
604 662 760 709 forum
779 663 883 722 tiro,
908 660 1086 723 populo
1115 661 1417 722 congiarium,
1451 660 1594 709 militi

260 725 548 786 donativum,
580 726 848 788 proposuit·
885 726 1152 787 indictaque
1179 725 1445 772 decursione
1475 739 1592 786 prae-

259 791 464 850 torianis,
509 798 696 837 scutum
738 791 825 838 sua
864 805 1011 837 manu
1052 789 1285 851 praetulit:
1320 790 1430 835 exin
1473 790 1594 851 patri

258 855 431 916 gratias
463 856 513 901 in
540 862 701 902 senatu
903 854 988 916 Ap
988 854 1055 901 ud
1052 805 1316 912 Peumdem,
1339 853 1590 913 consulem,

259 933 343 980 pro
365 918 736 967 Bononiensibus
832 919 943 978 tine,
965 933 1051 980 pro
1072 917 1272 964 Rhodiis
1286 925 1428 978 atque
1450 916 1593 963 Ilien.

261 984 393 1030 sibus
414 983 589 1042 Graece,
623 984 762 1030 verba
781 983 904 1031 fecit.
968 982 1260 1043 Auspicatus
1289 988 1359 1027 est
1378 988 1426 1027 et
1450 982 1593 1042 juris-

259 1047 510 1095 dictionem
546 1047 789 1109 praefectus
822 1047 945 1096 Urbi
982 1060 1111 1093 sacro
1141 1045 1434 1104 Latinarum,
1476 1043 1592 1091 cele-

257 1112 470 1158 berrimis
506 1112 709 1174 patronis
746 1126 841 1160 non
873 1109 1178 1158 translaticias
1209 1109 1288 1173 (ut
1323 1107 1511 1172 assolet)
1548 1117 1595 1156 et

257 1176 433 1235 breves,
457 1176 537 1224 sed
558 1177 790 1223 maximas
811 1175 1132 1238 plurimasque
1146 1173 1477 1236 postulationes
1498 1187 1592 1220 cei·-

255 1240 393 1286 tatim
414 1241 754 1303 ingerentibus,
790 1240 1008 1302 quamvis
1028 1238 1322 1286 interdictum
1343 1253 1372 1284 a
1392 1236 1593 1285 Claudio

256 1312 389 1351 esset.
457 1305 558 1352 Nec
590 1304 742 1352 multo
774 1312 882 1367 post
915 1303 1057 1350 duxit
1087 1317 1281 1350 uxorem
1309 1302 1558 1350 Octaviam
1572 1320 1588 1350 ι

256 1368 495 1431 ediditque
535 1383 620 1433 pro
650 1369 839 1417 Claudii
871 1367 1022 1417 salute
1053 1369 1272 1415 circenses
1309 1374 1356 1413 et
1388 1368 1593 1414 venatio-

254 1447 378 1480 nem.

321 1495 431 1563 (8.)
464 1497 799 1560 Septemdecim
832 1505 970 1545 natus
1009 1510 1170 1558 annos,
1209 1505 1266 1544 ut
1296 1494 1354 1542 de
1391 1494 1593 1543 Claudio

437 1562 613 1610 factum
633 1571 718 1623 est,
741 1564 859 1609 inter
877 1562 1043 1610 horam
1055 1570 1237 1610 sextam
1253 1561 1593 1624 septimamque

253 1627 479 1690 processit
498 1625 559 1673 ad
589 1627 905 1684 excubitores,
941 1641 1051 1673 cum
1073 1629 1134 1674 ob
1155 1628 1298 1674 totius
1318 1625 1411 1672 diei
1432 1625 1593 1672 dirita-

254 1700 351 1738 tem
385 1706 479 1738 non
513 1691 641 1739 aliud
679 1690 950 1753 auspicandi
980 1699 1163 1752 'tempus
1197 1690 1590 1738 accommodatius

253 1757 513 1804 videretur·
547 1770 725 1818 proque
755 1755 929 1802 Palatii
957 1754 1180 1864 gradibus
1202 1754 1460 1829 Imperator
1481 1767 1590 1800 con-

253 1821 503 1879 salutatus,
534 1819 733 1868 lectica
718 1835 770 1867 ιιι
797 1828 960 1879 castra,
992 1827 1038 1866 et
1068 1818 1176 1864 inde
1204 1818 1478 1927 raptim,
1429 1816 1589 1892 appel-

251 1886 365 1934 latis
397 1884 643 1945 militibus,
676 1885 727 1932 in
762 1884 939 1932 curiam
966 1882 1148 1929 delatus
1173 1890 1259 1941 est,
1290 1879 1592 1942 discessitque

249 1954 357 2012 jam
395 1949 600 2011 vesperi,
646 1964 707 1996 ex
750 1949 1006 2007 immensis,
1042 1946 1217 2008 quibus
1247 1944 1591 2006 cumulabatur,

252 2013 525 2072 honoribus,
552 2021 736 2060 tantum
760 2013 916 2060 Patris
945 2011 1119 2059 Patriae
1150 2010 1337 2058 nomine
1366 2016 1590 2070 recusato,

254 2093 343 2141 Pro
360 2086 445 2205 Ωωῖ
464 2142 615 2190 Orsus
656 2141 767 2189 hinc
808 2157 838 2188 a
873 2140 1060 2203 pietatis
1096 2138 1414 2198 ostentatione,
1450 2134 1594 2183 Clau-

255 2208 412 2283 dium,
440 2207 792 2269 apparatissimo
813 2205 973 2252 funere
994 2204 1186 2264 elatum,
1208 2201 1420 2250 laudavit
1441 2214 1598 2248 conse-

253 2272 511 2333 oravitque.
575 2271 821 2319 Memorioe
840 2269 1045 2317 Domitii
1064 2268 1209 2331 patris
1228 2267 1424 2314 honores
1444 2265 1597 2311 maxi-

253 2351 362 2386 mos
393 2334 572 2382 habuit.
638 2335 789 2383 Matri
816 2348 1052 2383 summam
1080 2332 1293 2381 omnium
1323 2344 1477 2377 rerum
1508 2343 1597 2405 pu-

253 2404 488 2451 blicarum
508 2400 886 2462 privatarumque
905 2397 1128 2473 permisit.
1164 2396 1324 2443 Primo
1346 2395 1486 2442 etiam
1508 2393 1600 2440 im-

251 2466 376 2529 perii
403 2464 478 2511 die
515 2464 704 2526 signum
746 2462 996 2510 excubanti
1017 2463 1204 2509 tribuno
1235 2459 1365 2507 dedit
1397 2459 1432 2486 “
1454 2457 1537 2520 Op
1539 2458 1600 2504 ti-

249 2546 386 2579 mam
414 2530 661 2576 matremz’
715 2543 769 2575 ac
790 2527 1006 2590 deinceps
1037 2524 1249 2588 ejusdem
1286 2538 1409 2588 saepe
1440 2521 1604 2570 lectica

249 2611 339 2659 pa·
366 2592 610 2657 publicum
640 2591 783 2640 simul
812 2599 971 2640 vectus
993 2598 1091 2639 est.
1141 2589 1347 2637 Antium
1371 2586 1602 2635 coloniam

244 2659 470 2719 deduxit,
493 2655 738 2717 adscriptis
758 2657 985 2705 veteranis
1013 2671 1042 2703 e
1068 2654 1297 2718 pretorio,
1340 2651 1603 2713 additisque
