1950 3100
560 158 724 223 (111.)
788 122 1137 211 'TIBERI-ns,
1205 163 1283 211 49.
1499 158 1591 210 ιιι·

244 288 391 346 buit;
426 289 664 352 proposito
684 288 856 338 millies
883 291 1091 338 sestertio
1109 289 1320 352 ςιαιιιὶισ
1335 289 1386 336 in
1407 287 1592 338 triennii

244 361 470 415 tempus3
506 361 555 401 et
583 368 757 413 rursus,
781 354 1066 417 quibusdam
1086 355 1287 403 dominis
1310 354 1588 417 insularum,

246 432 363 480 quae
393 417 443 464 in
463 426 622 467 monte
642 417 790 467 Coelio
808 417 1134 480 deflagrarant,
1165 419 1313 481 pretio
1342 420 1586 468 restituto.

184 490 195 495 ‘
247 496 456 543 quorum
477 482 691 542 alterum,
714 482 891 544 magna
908 481 1181 530 difficultate
1199 483 1478 545 nummaria,
1505 497 1591 546 po-

248 544 371 608 pulo
409 547 645 596 auxilium
675 545 929 608 flagitante,
967 555 1153 595 coactus
1183 555 1254 594 est
1287 546 1449 608 facere,
1484 563 1593 596 curn

250 624 340 672 per
350 609 820 658 senatus-consultum
831 610 1075 672 sanxisset,
1093 619 1149 658 ut
1166 611 1454 661 foeneratores
1474 612 1593 661 duas

253 674 528 736 patrimonii
558 682 711 736 partes
742 674 793 721 in
824 674 924 723 solo
942 675 1232 736 collocarent,
1255 676 1480 724 debitores
1501 684 1593 724 tot·

255 737 388 785 idem
413 738 514 786 aeris
546 739 685 786 alieni
706 738 864 786 statim
885 738 1128 801 solverent,
1151 754 1235 787 nec
1264 755 1337 787 res
1357 741 1593 817 expedire-

255 809 363 849 tur:
390 802 600 864 alterum,
623 802 683 850 ad
697 802 1006 865 mitigandam
1016 812 1279 867 temporum
1293 806 1591 853 atrocitatem.

259 865 410 923 Quod
425 875 579 917 tamen
598 867 873 915 beneficium
892 868 1012 915 tanti
1027 869 1289 946 aestimavit,
1312 875 1369 915 ut
1387 878 1593 917 montem

260 929 482 991 coelium,
499 931 806 995 appellatione
816 932 1016 993 mutata,
1031 934 1184 980 vocari
1196 932 1508 994 Augustum
1489 948 1593 995 Jus-

260 995 386 1045 serit·
440 996 610 1057 Militi,
631 1005 740 1059 post
759 996 824 1044 du
856 996 999 1044 licata
1018 1011 1078 1043 ex
1090 995 1302 1059 Augusti
1324 1004 1597 1044 testamento

260 1058 433 1122 legata,
464 1060 586 1108 nihil
605 1075 816 1124 unquam
942 1061 1034 1108 tus
1048 1068 1140 1137 est,
1170 1069 1478 1123 praeterquam
1500 1060 1596 1108 sin-

262 1123 379 1186 gula
397 1125 548 1173 millia
568 1125 856 1174 denariorum
877 1125 1186 1187 praetorianis,
1204 1124 1331 1187 quod
1350 1125 1520 1186 Sejano
1548 1139 1597 1172 se

262 1203 358 1236 non
387 1189 836 1247 accommodassent,
874 1197 920 1236 et
941 1189 1158 1251 quaedam
1187 1204 1380 1236 munera
1394 1189 1596 1251 Syriacis

263 1252 544 1328 legionibus,
568 1254 696 1317 quod
707 1254 817 1302 solae
836 1253 1020 1301 nullam
1034 1253 1226 1332 Sejani'
1209 1254 1464 1330 maginem
1480 1253 1599 1302 inter

265 1317 402 1378 signa
431 1317 703 1367 coluissent.
740 1327 880 1381 atque
917 1319 1059 1366 etiam
1092 1318 1333 1366 missiones
1368 1325 1597 1366 veterano-

266 1396 374 1428 rum
405 1383 661 1431 rarissimas
690 1382 814 1444 fecit,
852 1397 913 1430 ex
949 1384 1077 1430 senio
1110 1390 1323 1460 mortem,
1356 1396 1417 1430 ex
1453 1390 1601 1430 morte

202 1488 205 1493 .
265 1447 609 1510 compendium,
633 1455 836 1511 captans.
902 1447 980 1494 Ne
1007 1449 1267 1511 provincias
1278 1447 1479 1525 ‘qyidem
1499 1447 1602 1495 ulla

265 1510 542 1560 liberalitate
562 1512 856 1571 sublevavit,
875 1512 1069 1577 excepta
1089 1512 1228 1576 Asia,
1242 1511 1448 1576 disjectis
1468 1519 1600 1561 terrae

264 1585 400 1626 motu
423 1578 704 1625 civitatibus.
764 1595 773 1602 “

333 1638 472 1705 (49.)
505 1641 782 1689 Procedente
801 1649 1150 1705 moxtempore,
1173 1641 1469 1690 etiamadra
1466 1641 1602 1705 pines

265 1707 492 1754 convertit
527 1708 752 1754 animum.
818 1706 941 1754 Satis
980 1715 1174 1769 constat,
1215 1707 1304 1754 Cn.
1345 1706 1603 1754 Lentulum

266 1769 531 1833 Augurum,
554 1772 631 1818 eui
653 1785 813 1819 census
843 1773 1085 1819 maximus
1103 1772 1259 1832 fuerit,
1283 1778 1413 1818 metu
1443 1779 1490 1818 et
1518 1777 1602 1817 an:-

266 1849 379 1897 gore
399 1836 460 1883 ad
479 1835 724 1883 fastidium
746 1835 854 1882 vitoe
875 1838 935 1884 ab
959 1852 1014 1883 eo
1044 1844 1216 1897 actum,
1249 1843 1297 1882 et
1324 1843 1382 1881 ut
1409 1849 1468 1882 ne
1490 1848 1602 1895 quo,

267 1898 362 1948 nisi
379 1899 501 1978 ipso,
522 1900 701 1948 haerede
712 1908 993 1957 moreretur,
1028 1900 1379 1947 condemnatam
1400 1906 1446 1945 et
1470 1911 1606 1970 gene-

267 1964 554 2012 rosissimam
573 1964 795 2011 feminam
827 1963 1074 2026 Lepidam,
1107 1962 1157 2009 in
1189 1963 1386 2024 gratiam
1416 1959 1607 2019 Quirini

269 2029 541 2086 consularis,
575 2027 826 2091 praedivifis
856 2036 904 2075 et
934 2028 1051 2088 orbi,
1084 2027 1169 2090 qui
1188 2026 1429 2073 dimissam
1453 2038 1558 2071 eam
1580 2039 1606 2088 e

268 2094 583 2155 matrimonio,
605 2100 712 2155 post
732 2091 1004 2142 vicesimum
1020 2105 1211 2151 annum,
1235 2090 1398 2137 veneni
1418 2087 1569 2136 olim'
1554 2084 1606 2135 ιιι

271 2172 323 2204 se
345 2129 598 2220 comparat’i
618 2158 872 2220 arguebat;
907 2164 1124 2217 praeterea
1139 2154 1403 2202 Galliarum
1422 2161 1469 2199 et
1490 2151 1607 2199 His-

270 2223 535 2285 paniarum,
546 2222 785 2286 Syriaeque
805 2229 852 2267 et
866 2220 1079 2281 Graeciae,
1092 2219 1320 2281 principes
1340 2216 1610 2265 confiscatos

271 2289 335 2336 ob
356 2296 456 2334 tam
474 2286 575 2334 leve
606 2294 652 2333 et
683 2294 780 2333 tam
811 2285 1058 2347 impudens
1084 2282 1421 2331 calumniarum
1442 2294 1606 2343 genus,

271 2360 330 2400 ut
350 2351 635 2415 quibusdam
666 2365 761 2399 non
791 2349 922 2397 aliud
953 2351 1017 2397 sit
1043 2351 1292 2411 objectum,
1318 2361 1461 2409 quam
1483 2343 1611 2408 quod

273 2424 455 2479 partem
473 2416 541 2462 rei
560 2414 839 2463 familiaris·
823 2428 874 2461 ιιι
894 2414 1092 2477 pecunia
1110 2413 1358 2459 haberent.
1394 2409 1611 2473 plurimis

274 2481 417 2527 etiam
437 2479 704 2528 civitatibus
725 2487 772 2526 et
798 2478 994 2541 privatis
1016 2486 1186 2526 veteres
1208 2476 1541 2532 immunitates,
1565 2481 1611 2521 et

271 2548 352 2607 jus
366 2544 662 2592 metallorum
683 2558 738 2591 ac
759 2543 1076 2605 vectigalium,
1099 2542 1312 2589 ademta.
1348 2539 1429 2588 sed
1444 2548 1491 2587 et
1508 2537 1612 2587 Vo-

276 2623 462 2671 nonem,
484 2623 641 2673 regem
662 2606 958 2670 Parthorum,
975 2607 1077 2720 qui,
1100 2606 1267 2671 pulsus
1288 2620 1317 2654 a
1337 2605 1453 2667 suis,
1476 2602 1614 2669 quasi
