1950 3100
475 228 483 234 μ
541 162 696 229 ,(ιι.)
741 163 1139 214 AUGUSTUS.
1183 121 1283 213 ἰε’
1510 164 1574 212 45

225 290 359 338 nihil
370 290 578 354 amplius
593 307 739 369 quam
762 293 1085 354 “mirarise,”
1102 293 1381 351 rescribit‚“
1393 305 1575 354 proop-

234 356 425 418 probi-io
454 356 547 403 sibi
572 357 702 418 prius
722 371 891 405 nomen
912 358 1104 421 objici.”
1168 358 1337 405 Postea
1357 358 1575 416 Coesam,

233 428 284 466 et
325 419 491 466 deinde
527 423 757 482 Augusti,
793 436 1046 483 cognomen
1079 422 1326 480 assumsit3
1362 421 1575 481 alterum,

235 491 513 532 testamento
554 486 750 548 majoris
804 486 1056 544 avunculi}
1107 456 1326 547 alterum:
1367 485 1577 533 Munatii

238 547 408 595 Planci
429 550 679 608 saitentiiu
710 565 836 610 cum,
855 550 1137 612 quibusdam
1153 551 1455 610 censentibus,
1476 549 1576 596 Ro-

235 612 426 659 mulum
443 613 665 675 appellari
679 623 898 676 oportere,
914 615 1050 676 quasi
1065 623 1113 663 et
1123 616 1281 689 ipsum
1296 614 1576 662 conditorem

237 675 347 723 Urb
313 677 404 735 bis,
429 677 760 739 praevaluisset,
786 687 842 726 ut
862 678 1113 741 Augustus
1142 678 1299 741 potius
1325 685 1574 739 vocaretur,

237 754 336 788 non
363 749 548 788 tantum
574 756 710 803 novo,
745 742 825 789 sed
852 743 994 789 etiam
1020 742 1257 819 ampliore,
1289 742 1575 804 cognomine.

241 801 398 867 [quod
429 804 530 852 loca
553 821 739 868 quoque
761 807 990 868 religiosa,
1015 815 1061 854 et
1080 807 1131 853 in
1153 807 1325 869 quibus
1351 813 1577 868 augurato

238 867 363 930 quid
397 878 696 930 consecratur,
729 879 929 933 augusta
961 869 1189 929 dicantur,
1226 871 1287 916 ab
1318 879 1475 929 auctu,
1502 869 1577 917 vel

235 933 302 980 ab
315 947 484 1045 w
508 942 642 996 gestu
666 943 878 997 gustuve,
909 935 1031 982 sicut
1057 935 1199 982 etiam
1218 934 1404 981 Ennius
1429 933 1577 993 docet,

234 1011 331 1044 scri

238 1094 276 1122 “
297 1093 520 1158 Augusto
550 1096 744 1226 auguri}
776 1105 1030 1161 postquam
1059 1095 1235 1159 inclyta
1267 1094 1450 1143 condita
1478 1093 1577 1141 Ro.

497 1174 578 1207 ma
598 1176 646 1208 es
684 1162 717 1185 ’⁹

307 1252 414 1320 (8.)
445 1244 734 1333 Quadrimus
744 1265 928 1320 patrem
943 1256 1128 1305 amisit.
1155 1256 1480 1304 duodecimum
1496 1270 1579 1303 an-

237 1334 545 1382 numagens,
574 1323 729 1368 aviam
749 1323 936 1370 Juliam
962 1321 1229 1368 defunctam
1253 1335 1338 1382 pro
1362 1321 1578 1368 concione

236 1383 465 1431 laudavit.
529 1385 847 1443 Quadriennio
868 1394 991 1447 post,
1014 1386 1138 1433 virili
1160 1385 1269 1448 toga
1290 1385 1461 1445 sumta,
1484 1387 1575 1432 mi-

234 1447 452 1496 litaribus
480 1448 613 1497 donis
642 1450 880 1512 triumpho
906 1449 1101 1498 Caesaris
1120 1450 1347 1496 Africano
1377 1449 1576 1497 donatus

233 1521 323 1573 est,
348 1527 635 1576 quamquam
662 1529 826 1577 expers
854 1514 967 1563 belli
992 1522 1176 1577 propter
1197 1522 1392 1562 aetatem.
1459 1514 1576 1562 Pro-

233 1576 414 1626 fectum
443 1593 556 1626 mox
586 1579 904 1626 avunculum
890 1593 941 1626 ιιι
963 1579 1221 1641 Hispanias
1244 1578 1461 1627 adversus
1484 1578 1576 1627 Cn.

235 1642 455 1703 Pompeii
481 1642 664 1704 liberos,
688 1643 886 1690 vixdum
907 1643 1070 1690 firmus
1092 1659 1121 1690 a
1142 1644 1273 1704 gravi
1295 1643 1573 1705 valetudine,

232 1719 318 1767 per
354 1705 541 1753 infestas
577 1706 790 1754 hostibus
825 1708 940 1768 vias,
980 1706 1272 1769 paucissimis
1310 1709 1580 1767 comitibus,

158 1817 169 1824 ,
232 1769 481 1831 naufragio
499 1771 640 1818 etiam
661 1770 800 1831 facto,
829 1773 1116 1831 subsecutus,
1143 1786 1315 1833 magno
1338 1786 1472 1833 opere
1494 1771 1576 1819 de-

232 1835 422 1893 meruit,
459 1835 711 1897 approbata
742 1836 834 1882 cito
867 1837 1009 1882 etiam
1037 1850 1222 1882 morum
1253 1835 1407 1882 indole
1439 1849 1578 1896 super

232 1898 414 1945 itineris
428 1898 716 1946 industriam.
753 1899 1051 1961 Caesare,pos
965 1906 1287 2008 postrffitas
1300 1898 1574 1960 Hispanias,

390 1963 577 2009 tionem
591 1963 822 2023 mDacos
833 1963 1113 2011 etindeinP
1220 1976 1288 2020 os,
1302 1961 1575 2037 destinante,

229 2026 502 2089 praemissus
523 2026 842 2090 Apolloniam,
868 2027 1035 2075 studiis
1057 2027 1250 2073 vacavit.
1298 2026 1458 2087 thue
1480 2027 1578 2087 pri-

229 2105 371 2137 mum
398 2091 601 2138 occisum
634 2106 759 2151 eum,
790 2085 1111 2152 haeredem'que
1143 2104 1191 2135 se
1218 2090 1456 2151 comperit,
1489 2088 1573 2137 diu

228 2163 494 2214 cunctatus,
518 2170 578 2202 an
599 2157 836 2217 proximas
860 2156 1063 2232 legiones
1088 2153 1369 2214 imploraret,
1393 2153 1444 2200 id
1466 2155 1576 2215 qui-

228 2217 342 2265 dem
364 2219 626 2279 consilium,
649 2228 704 2267 ut
722 2235 925 2282 praeceps
947 2221 1358 2279 immaturumque,
1383 2219 1569 2265 omisit·

229 2291 468 2340 eaerum,
484 2284 612 2331 Urbe
625 2284 835 2345 repetita,
852 2283 1164 2331 haereditatem
1180 2281 1313 2341 adiit,
1331 2281 1572 2329 dubitante

227 2355 397 2404 matre,
423 2347 583 2394 vitrico
604 2363 709 2395 vero
735 2347 918 2395 Marcio
939 2347 1165 2409 Philippo
1196 2346 1423 2394 consulari
1447 2346 1576 2393 mul-

227 2415 336 2459 tum
359 2411 666 2459 dissuadente.
711 2412 891 2475 Atque,
915 2414 975 2459 ab
999 2427 1054 2459 eo
1073 2420 1276 2473 tempore
1296 2411 1576 2458 exercitibus

226 2475 528 2537 comparatis,
573 2476 780 2538 primum
813 2490 923 2524 cum
965 2477 1042 2524 M.
1070 2476 1283 2523 Antonio
1316 2474 1577 2537 Marcoque

226 2538 432 2601 Lepido,
469 2539 574 2587 dein
609 2548 793 2587 tantum
826 2555 936 2588 cum
955 2540 1184 2600 Antonio,
1217 2554 1298 2601 per
1325 2538 1571 2587 duodecim

222 2602 320 2650 fere
362 2617 526 2663 annos,
561 2604 812 2651 novissime
848 2617 930 2680 per
955 2612 1155 2667 quatuor
1184 2611 1233 2651 et
1264 2602 1579 2666 quadraginta

219 2667 374 2728 solus,
395 2668 734 2730 rempublicam
754 2668 917 2716 tenuit.
1571 2705 1576 2712 .
