<?xml version="1.0" encoding="UTF-8"?>
<!DOCTYPE html PUBLIC "-//W3C//DTD XHTML 1.0 Transitional//EN"
    "http://www.w3.org/TR/xhtml1/DTD/xhtml1-transitional.dtd">
<html xmlns="http://www.w3.org/1999/xhtml" xml:lang="en" lang="en">
 <head>
  <title>
</title>
<meta http-equiv="Content-Type" content="text/html;charset=utf-8" />
  <meta name='ocr-system' content='tesseract 3.04.00' />
  <meta name='ocr-capabilities' content='ocr_page ocr_carea ocr_par ocr_line ocrx_word'/>
</head>
<body>
  <div class='ocr_page' id='page_1' title='image "./csuetoniitranqu08suetgoog_0137.png"; bbox 0 0 1950 3100; ppageno 0'>
   <div class='ocr_carea' id='block_1_1' title="bbox 572 129 1595 198">
    <p class='ocr_par' dir='ltr' id='par_1_1' title="bbox 572 129 1595 198">
     <span class='ocr_line' id='line_1_1' title="bbox 572 129 1595 198; baseline 0.002 -17"><span class='ocrx_word' id='word_1_1' title='bbox 572 129 743 198; x_wconf 82' lang='lat'>(111.)</span> <span class='ocrx_word' id='word_1_2' title='bbox 802 132 1152 193; x_wconf 68' lang='lat' dir='ltr'><strong>TIBERIUS.</strong></span> <span class='ocrx_word' id='word_1_3' title='bbox 1219 135 1296 183; x_wconf 79' lang='lat'><strong>63.</strong></span> <span class='ocrx_word' id='word_1_4' title='bbox 1507 136 1595 183; x_wconf 83' lang='lat'><strong>131</strong></span> 
     </span>
    </p>
   </div>
   <div class='ocr_carea' id='block_1_2' title="bbox 204 259 1649 2709">
    <p class='ocr_par' dir='ltr' id='par_1_2' title="bbox 247 259 1597 1792">
     <span class='ocr_line' id='line_1_2' title="bbox 247 259 1597 326; baseline 0.001 -17"><span class='ocrx_word' id='word_1_5' title='bbox 247 259 355 324; x_wconf 73' lang='lat' dir='ltr'><strong>jani</strong></span> <span class='ocrx_word' id='word_1_6' title='bbox 385 259 619 324; x_wconf 80' lang='lat' dir='ltr'><strong>cognovit,</strong></span> <span class='ocrx_word' id='word_1_7' title='bbox 650 274 802 324; x_wconf 83' lang='lat' dir='ltr'><strong>neque</strong></span> <span class='ocrx_word' id='word_1_8' title='bbox 822 263 1062 310; x_wconf 77' lang='lat' dir='ltr'><strong>tumentis</strong></span> <span class='ocrx_word' id='word_1_9' title='bbox 1080 276 1233 326; x_wconf 82' lang='lat' dir='ltr'><strong>neque</strong></span> <span class='ocrx_word' id='word_1_10' title='bbox 1251 260 1486 326; x_wconf 84' lang='lat' dir='ltr'><strong>supplicio</strong></span> <span class='ocrx_word' id='word_1_11' title='bbox 1514 274 1597 310; x_wconf 81' lang='lat' dir='ltr'><strong>cu-</strong></span> 
     </span>
     <span class='ocr_line' id='line_1_3' title="bbox 247 325 1595 390; baseline 0.003 -18"><span class='ocrx_word' id='word_1_12' title='bbox 247 328 481 388; x_wconf 73' lang='lat' dir='ltr'><strong>Jusquam</strong></span> <span class='ocrx_word' id='word_1_13' title='bbox 501 327 734 388; x_wconf 71' lang='lat' dir='ltr'><strong>pepercit3</strong></span> <span class='ocrx_word' id='word_1_14' title='bbox 770 325 861 373; x_wconf 84' lang='lat' dir='ltr'><strong>soli</strong></span> <span class='ocrx_word' id='word_1_15' title='bbox 879 325 993 374; x_wconf 84' lang='lat' dir='ltr'><strong>huic</strong></span> <span class='ocrx_word' id='word_1_16' title='bbox 1013 327 1266 390; x_wconf 80' lang='lat' dir='ltr'><strong>cognitioni</strong></span> <span class='ocrx_word' id='word_1_17' title='bbox 1286 327 1402 376; x_wconf 87' lang='lat' dir='ltr'><strong>adeo</strong></span> <span class='ocrx_word' id='word_1_18' title='bbox 1422 342 1506 390; x_wconf 87' lang='lat' dir='ltr'><strong>per</strong></span> <span class='ocrx_word' id='word_1_19' title='bbox 1524 336 1595 376; x_wconf 87' lang='lat' dir='ltr'><strong>to-</strong></span> 
     </span>
     <span class='ocr_line' id='line_1_4' title="bbox 251 389 1591 454; baseline 0.001 -16"><span class='ocrx_word' id='word_1_20' title='bbox 251 399 329 438; x_wconf 86' lang='lat' dir='ltr'><strong>tos</strong></span> <span class='ocrx_word' id='word_1_21' title='bbox 339 389 439 438; x_wconf 83' lang='lat' dir='ltr'><strong>dies</strong></span> <span class='ocrx_word' id='word_1_22' title='bbox 449 389 634 438; x_wconf 87' lang='lat' dir='ltr'><strong>deditus</strong></span> <span class='ocrx_word' id='word_1_23' title='bbox 651 400 698 438; x_wconf 88' lang='lat' dir='ltr'><strong>et</strong></span> <span class='ocrx_word' id='word_1_24' title='bbox 708 391 930 451; x_wconf 82' lang='lat' dir='ltr'><strong>intentus,</strong></span> <span class='ocrx_word' id='word_1_25' title='bbox 944 398 1001 438; x_wconf 88' lang='lat' dir='ltr'><strong>ut</strong></span> <span class='ocrx_word' id='word_1_26' title='bbox 1012 391 1325 440; x_wconf 74' lang='lat' dir='ltr'>Rhodiensem</span> <span class='ocrx_word' id='word_1_27' title='bbox 1341 391 1591 454; x_wconf 76' lang='lat' dir='ltr'><strong>hospitem,</strong></span> 
     </span>
     <span class='ocr_line' id='line_1_5' title="bbox 252 454 1595 517; baseline 0.003 -17"><span class='ocrx_word' id='word_1_28' title='bbox 252 469 398 516; x_wconf 89' lang='lat' dir='ltr'><strong>quem</strong></span> <span class='ocrx_word' id='word_1_29' title='bbox 430 454 742 503; x_wconf 75' lang='lat' dir='ltr'><strong>familiaribus</strong></span> <span class='ocrx_word' id='word_1_30' title='bbox 779 454 925 502; x_wconf 80' lang='lat' dir='ltr'><strong>literis</strong></span> <span class='ocrx_word' id='word_1_31' title='bbox 955 455 1162 503; x_wconf 82' lang='lat' dir='ltr'><strong>Romam</strong></span> <span class='ocrx_word' id='word_1_32' title='bbox 1195 456 1422 517; x_wconf 59' lang='lat' dir='ltr'><strong>evocarat,</strong></span> <span class='ocrx_word' id='word_1_33' title='bbox 1457 456 1595 504; x_wconf 71' lang='lat' dir='ltr'><strong>adve-</strong></span> 
     </span>
     <span class='ocr_line' id='line_1_6' title="bbox 251 514 1595 595; baseline 0.002 -30"><span class='ocrx_word' id='word_1_34' title='bbox 251 520 378 566; x_wconf 80' lang='lat' dir='ltr'><strong>nisse</strong></span> <span class='ocrx_word' id='word_1_35' title='bbox 410 518 505 566; x_wconf 91' lang='lat' dir='ltr'><strong>sibi</strong></span> <span class='ocrx_word' id='word_1_36' title='bbox 529 520 816 579; x_wconf 69' lang='lat' dir='ltr'><strong>nuntiatum,</strong></span> <span class='ocrx_word' id='word_1_37' title='bbox 850 521 1054 595; x_wconf 77' lang='lat' dir='ltr'><strong>torqueri</strong></span> <span class='ocrx_word' id='word_1_38' title='bbox 1090 514 1196 567; x_wconf 86' lang='lat' dir='ltr'><strong>sine</strong></span> <span class='ocrx_word' id='word_1_39' title='bbox 1229 520 1362 568; x_wconf 61' lang='lat' dir='ltr'><strong>mora</strong></span> <span class='ocrx_word' id='word_1_40' title='bbox 1388 522 1595 583; x_wconf 80' lang='lat' dir='ltr'><strong>jusserit,</strong></span> 
     </span>
     <span class='ocr_line' id='line_1_7' title="bbox 251 583 1593 647; baseline 0.003 -18"><span class='ocrx_word' id='word_1_41' title='bbox 251 583 392 644; x_wconf 86' lang='lat' dir='ltr'><strong>quasi</strong></span> <span class='ocrx_word' id='word_1_42' title='bbox 412 583 586 646; x_wconf 78' lang='lat' dir='ltr'><strong>aliquis</strong></span> <span class='ocrx_word' id='word_1_43' title='bbox 613 598 674 630; x_wconf 83' lang='lat' dir='ltr'><strong>ex</strong></span> <span class='ocrx_word' id='word_1_44' title='bbox 704 583 968 630; x_wconf 88' lang='lat' dir='ltr'><strong>necessariis</strong></span> <span class='ocrx_word' id='word_1_45' title='bbox 990 585 1238 647; x_wconf 81' lang='lat' dir='ltr'><strong>quaestioni</strong></span> <span class='ocrx_word' id='word_1_46' title='bbox 1267 584 1477 643; x_wconf 78' lang='lat' dir='ltr'><strong>adesset,</strong></span> <span class='ocrx_word' id='word_1_47' title='bbox 1512 585 1593 633; x_wconf 88' lang='lat' dir='ltr'><strong>de-</strong></span> 
     </span>
     <span class='ocr_line' id='line_1_8' title="bbox 251 646 1592 712; baseline 0.002 -18"><span class='ocrx_word' id='word_1_48' title='bbox 251 647 379 708; x_wconf 89' lang='lat' dir='ltr'><strong>inde,</strong></span> <span class='ocrx_word' id='word_1_49' title='bbox 413 662 560 695; x_wconf 84' lang='lat' dir='ltr'><strong>errore</strong></span> <span class='ocrx_word' id='word_1_50' title='bbox 592 646 785 708; x_wconf 81' lang='lat' dir='ltr'><strong>detecto,</strong></span> <span class='ocrx_word' id='word_1_51' title='bbox 809 655 857 694; x_wconf 90' lang='lat' dir='ltr'><strong>et</strong></span> <span class='ocrx_word' id='word_1_52' title='bbox 885 648 1049 709; x_wconf 80' lang='lat' dir='ltr'><strong>occidi,</strong></span> <span class='ocrx_word' id='word_1_53' title='bbox 1085 663 1144 695; x_wconf 89' lang='lat' dir='ltr'><strong>ne</strong></span> <span class='ocrx_word' id='word_1_54' title='bbox 1172 648 1436 711; x_wconf 77' lang='lat' dir='ltr'><strong>divulgaret</strong></span> <span class='ocrx_word' id='word_1_55' title='bbox 1465 651 1592 712; x_wconf 87' lang='lat' dir='ltr'><strong>inju-</strong></span> 
     </span>
     <span class='ocr_line' id='line_1_9' title="bbox 251 711 1590 777; baseline 0.004 -19"><span class='ocrx_word' id='word_1_56' title='bbox 251 711 387 759; x_wconf 82' lang='lat' dir='ltr'><strong>riam.</strong></span> <span class='ocrx_word' id='word_1_57' title='bbox 451 711 743 760; x_wconf 76' lang='lat' dir='ltr'><strong>Carnificinae</strong></span> <span class='ocrx_word' id='word_1_58' title='bbox 776 713 879 773; x_wconf 86' lang='lat' dir='ltr'><strong>ejus</strong></span> <span class='ocrx_word' id='word_1_59' title='bbox 916 712 1173 760; x_wconf 82' lang='lat' dir='ltr'><strong>ostenditur</strong></span> <span class='ocrx_word' id='word_1_60' title='bbox 1204 714 1335 761; x_wconf 86' lang='lat' dir='ltr'><strong>locus</strong></span> <span class='ocrx_word' id='word_1_61' title='bbox 1382 713 1590 777; x_wconf 75' lang='lat' dir='ltr'><strong>Capreis,</strong></span> 
     </span>
     <span class='ocr_line' id='line_1_10' title="bbox 250 775 1591 840; baseline 0.002 -18"><span class='ocrx_word' id='word_1_62' title='bbox 250 775 380 823; x_wconf 85' lang='lat' dir='ltr'><strong>unde</strong></span> <span class='ocrx_word' id='word_1_63' title='bbox 400 775 658 837; x_wconf 81' lang='lat' dir='ltr'><strong>damnatos,</strong></span> <span class='ocrx_word' id='word_1_64' title='bbox 690 783 798 839; x_wconf 88' lang='lat' dir='ltr'><strong>post</strong></span> <span class='ocrx_word' id='word_1_65' title='bbox 825 775 968 838; x_wconf 84' lang='lat' dir='ltr'><strong>longa</strong></span> <span class='ocrx_word' id='word_1_66' title='bbox 1002 785 1050 824; x_wconf 92' lang='lat' dir='ltr'><strong>et</strong></span> <span class='ocrx_word' id='word_1_67' title='bbox 1080 777 1317 840; x_wconf 83' lang='lat' dir='ltr'><strong>exquisita</strong></span> <span class='ocrx_word' id='word_1_68' title='bbox 1348 785 1591 840; x_wconf 78' lang='lat' dir='ltr'><strong>tormenta,</strong></span> 
     </span>
     <span class='ocr_line' id='line_1_11' title="bbox 250 840 1592 982; baseline 0.002 -31"><span class='ocrx_word' id='word_1_69' title='bbox 250 840 1592 982; x_wconf 46' lang='lat' dir='ltr'><strong>ffiipmmfimoess‘gssuoeessmoeffffiffiffiffssfflffi</strong></span> 
     </span>
     <span class='ocr_line' id='line_1_12' title="bbox 249 968 1589 1045; baseline 0.002 -30"><span class='ocrx_word' id='word_1_70' title='bbox 249 968 491 1029; x_wconf 79' lang='lat' dir='ltr'><strong>cadavera,</strong></span> <span class='ocrx_word' id='word_1_71' title='bbox 525 984 583 1016; x_wconf 90' lang='lat' dir='ltr'><strong>ne</strong></span> <span class='ocrx_word' id='word_1_72' title='bbox 604 971 681 1016; x_wconf 88' lang='lat' dir='ltr'><strong>cui</strong></span> <span class='ocrx_word' id='word_1_73' title='bbox 702 969 877 1016; x_wconf 63' lang='lat' dir='ltr'><strong>residui</strong></span> <span class='ocrx_word' id='word_1_74' title='bbox 899 970 1088 1030; x_wconf 71' lang='lat' dir='ltr'><strong>spiritus</strong></span> <span class='ocrx_word' id='word_1_75' title='bbox 1120 968 1383 1045; x_wconf 79' lang='lat' dir='ltr'><strong>quidquam</strong></span> <span class='ocrx_word' id='word_1_76' title='bbox 1407 971 1589 1018; x_wconf 62' lang='lat' dir='ltr'><strong>inesset.</strong></span> 
     </span>
     <span class='ocr_line' id='line_1_13' title="bbox 251 1032 1591 1097; baseline 0.001 -18"><span class='ocrx_word' id='word_1_77' title='bbox 251 1032 616 1095; x_wconf 74' lang='lat' dir='ltr'><strong>Excogitaverat</strong></span> <span class='ocrx_word' id='word_1_78' title='bbox 637 1041 809 1094; x_wconf 89' lang='lat' dir='ltr'><strong>autem,</strong></span> <span class='ocrx_word' id='word_1_79' title='bbox 833 1033 954 1080; x_wconf 82' lang='lat' dir='ltr'><strong>inter</strong></span> <span class='ocrx_word' id='word_1_80' title='bbox 967 1047 1135 1095; x_wconf 79' lang='lat' dir='ltr'><strong>genera</strong></span> <span class='ocrx_word' id='word_1_81' title='bbox 1155 1033 1400 1093; x_wconf 72' lang='lat' dir='ltr'><strong>cruciatus,</strong></span> <span class='ocrx_word' id='word_1_82' title='bbox 1432 1033 1591 1097; x_wconf 80' lang='lat' dir='ltr'><strong>etiam,</strong></span> 
     </span>
     <span class='ocr_line' id='line_1_14' title="bbox 251 1096 1593 1161; baseline 0.002 -18"><span class='ocrx_word' id='word_1_83' title='bbox 251 1104 310 1143; x_wconf 88' lang='lat' dir='ltr'><strong>ut</strong></span> <span class='ocrx_word' id='word_1_84' title='bbox 342 1097 475 1160; x_wconf 80' lang='lat' dir='ltr'><strong>larga</strong></span> <span class='ocrx_word' id='word_1_85' title='bbox 506 1098 624 1146; x_wconf 88' lang='lat' dir='ltr'><strong>meri</strong></span> <span class='ocrx_word' id='word_1_86' title='bbox 656 1099 843 1161; x_wconf 89' lang='lat' dir='ltr'><strong>potione</strong></span> <span class='ocrx_word' id='word_1_87' title='bbox 874 1112 959 1159; x_wconf 86' lang='lat' dir='ltr'><strong>per</strong></span> <span class='ocrx_word' id='word_1_88' title='bbox 988 1096 1225 1145; x_wconf 83' lang='lat' dir='ltr'><strong>fallaciam</strong></span> <span class='ocrx_word' id='word_1_89' title='bbox 1262 1105 1488 1158; x_wconf 82' lang='lat' dir='ltr'><strong>oneratos,</strong></span> <span class='ocrx_word' id='word_1_90' title='bbox 1522 1114 1593 1146; x_wconf 86' lang='lat' dir='ltr'><strong>re-</strong></span> 
     </span>
     <span class='ocr_line' id='line_1_15' title="bbox 248 1156 1595 1233; baseline 0.001 -24"><span class='ocrx_word' id='word_1_91' title='bbox 248 1156 388 1223; x_wconf 75' lang='lat' dir='ltr'><strong>pente</strong></span> <span class='ocrx_word' id='word_1_92' title='bbox 409 1162 594 1210; x_wconf 75' lang='lat' dir='ltr'><strong>verems</strong></span> <span class='ocrx_word' id='word_1_93' title='bbox 622 1162 854 1233; x_wconf 76' lang='lat' dir='ltr'><strong>deligatis,</strong></span> <span class='ocrx_word' id='word_1_94' title='bbox 875 1161 1173 1209; x_wconf 80' lang='lat' dir='ltr'><strong>fidicularum</strong></span> <span class='ocrx_word' id='word_1_95' title='bbox 1194 1161 1339 1209; x_wconf 86' lang='lat' dir='ltr'><strong>simul</strong></span> <span class='ocrx_word' id='word_1_96' title='bbox 1359 1163 1595 1225; x_wconf 80' lang='lat' dir='ltr'><strong>urinoeque</strong></span> 
     </span>
     <span class='ocr_line' id='line_1_16' title="bbox 248 1225 1594 1288; baseline 0.001 -15"><span class='ocrx_word' id='word_1_97' title='bbox 248 1233 480 1274; x_wconf 84' lang='lat' dir='ltr'><strong>tormento</strong></span> <span class='ocrx_word' id='word_1_98' title='bbox 499 1225 787 1275; x_wconf 79' lang='lat' dir='ltr'><strong>distenderet.</strong></span> <span class='ocrx_word' id='word_1_99' title='bbox 853 1225 1001 1285; x_wconf 87' lang='lat' dir='ltr'><strong>Quod</strong></span> <span class='ocrx_word' id='word_1_100' title='bbox 1022 1226 1114 1274; x_wconf 90' lang='lat' dir='ltr'><strong>nisi</strong></span> <span class='ocrx_word' id='word_1_101' title='bbox 1133 1241 1243 1273; x_wconf 89' lang='lat' dir='ltr'><strong>eum</strong></span> <span class='ocrx_word' id='word_1_102' title='bbox 1263 1233 1313 1273; x_wconf 90' lang='lat' dir='ltr'><strong>et</strong></span> <span class='ocrx_word' id='word_1_103' title='bbox 1329 1240 1455 1274; x_wconf 85' lang='lat' dir='ltr'><strong>mors</strong></span> <span class='ocrx_word' id='word_1_104' title='bbox 1474 1240 1594 1288; x_wconf 77' lang='lat' dir='ltr'><strong>prae-</strong></span> 
     </span>
     <span class='ocr_line' id='line_1_17' title="bbox 250 1289 1593 1354; baseline 0.002 -17"><span class='ocrx_word' id='word_1_105' title='bbox 250 1291 466 1353; x_wconf 83' lang='lat' dir='ltr'><strong>venisset,</strong></span> <span class='ocrx_word' id='word_1_106' title='bbox 501 1299 547 1339; x_wconf 83' lang='lat' dir='ltr'><strong>et</strong></span> <span class='ocrx_word' id='word_1_107' title='bbox 569 1290 850 1354; x_wconf 82' lang='lat' dir='ltr'><strong>Thrasyllus</strong></span> <span class='ocrx_word' id='word_1_108' title='bbox 873 1289 1100 1352; x_wconf 89' lang='lat' dir='ltr'><strong>consulto,</strong></span> <span class='ocrx_word' id='word_1_109' title='bbox 1134 1298 1191 1338; x_wconf 83' lang='lat' dir='ltr'><strong>ut</strong></span> <span class='ocrx_word' id='word_1_110' title='bbox 1222 1291 1370 1353; x_wconf 83' lang='lat' dir='ltr'><strong>aiunt,</strong></span> <span class='ocrx_word' id='word_1_111' title='bbox 1411 1290 1593 1340; x_wconf 78' lang='lat' dir='ltr'><strong>differre</strong></span> 
     </span>
     <span class='ocr_line' id='line_1_18' title="bbox 249 1354 1592 1419; baseline 0.002 -18"><span class='ocrx_word' id='word_1_112' title='bbox 249 1354 472 1417; x_wconf 72' lang='lat' dir='ltr'><strong>quaedam</strong></span> <span class='ocrx_word' id='word_1_113' title='bbox 493 1370 574 1418; x_wconf 86' lang='lat' dir='ltr'><strong>spe</strong></span> <span class='ocrx_word' id='word_1_114' title='bbox 595 1355 819 1419; x_wconf 79' lang='lat' dir='ltr'><strong>longioris</strong></span> <span class='ocrx_word' id='word_1_115' title='bbox 840 1354 949 1403; x_wconf 83' lang='lat' dir='ltr'><strong>vitae</strong></span> <span class='ocrx_word' id='word_1_116' title='bbox 965 1356 1293 1418; x_wconf 68' lang='lat' dir='ltr'><strong>compulisset,</strong></span> <span class='ocrx_word' id='word_1_117' title='bbox 1328 1355 1485 1418; x_wconf 80' lang='lat' dir='ltr'><strong>plures</strong></span> <span class='ocrx_word' id='word_1_118' title='bbox 1506 1356 1592 1403; x_wconf 85' lang='lat' dir='ltr'><strong>ali-</strong></span> 
     </span>
     <span class='ocr_line' id='line_1_19' title="bbox 248 1420 1592 1495; baseline 0 -28"><span class='ocrx_word' id='word_1_119' title='bbox 248 1428 431 1495; x_wconf 79' lang='lat' dir='ltr'><strong>quanto</strong></span> <span class='ocrx_word' id='word_1_120' title='bbox 450 1428 712 1481; x_wconf 83' lang='lat' dir='ltr'><strong>necaturus,</strong></span> <span class='ocrx_word' id='word_1_121' title='bbox 746 1434 802 1468; x_wconf 85' lang='lat' dir='ltr'><strong>ae</strong></span> <span class='ocrx_word' id='word_1_122' title='bbox 821 1434 880 1466; x_wconf 90' lang='lat' dir='ltr'><strong>ne</strong></span> <span class='ocrx_word' id='word_1_123' title='bbox 899 1420 1094 1483; x_wconf 79' lang='lat' dir='ltr'><strong>reliquis</strong></span> <span class='ocrx_word' id='word_1_124' title='bbox 1120 1420 1313 1483; x_wconf 88' lang='lat' dir='ltr'><strong>quidem</strong></span> <span class='ocrx_word' id='word_1_125' title='bbox 1343 1421 1592 1484; x_wconf 77' lang='lat' dir='ltr'><strong>nepotibus</strong></span> 
     </span>
     <span class='ocr_line' id='line_1_20' title="bbox 247 1484 1590 1613; baseline 0.001 -17"><span class='ocrx_word' id='word_1_126' title='bbox 247 1484 498 1607; x_wconf 50' lang='lat' dir='ltr'><strong>W&amp;</strong></span> <span class='ocrx_word' id='word_1_127' title='bbox 514 1484 886 1610; x_wconf 49' lang='lat' dir='ltr'><strong>fflihfuffi</strong></span> <span class='ocrx_word' id='word_1_128' title='bbox 919 1493 983 1597; x_wconf 59' lang='grc' dir='ltr'><strong>ἓξ.</strong></span> <span class='ocrx_word' id='word_1_129' title='bbox 1001 1484 1590 1613; x_wconf 52' lang='grc' dir='ltr'><strong>Ἓΐωὲἓῗΐῃέῗωέ</strong></span> 
     </span>
     <span class='ocr_line' id='line_1_21' title="bbox 247 1613 1594 1678; baseline 0.001 -18"><span class='ocrx_word' id='word_1_130' title='bbox 247 1613 614 1676; x_wconf 77' lang='lat' dir='ltr'><strong>adspernaretur.</strong></span> <span class='ocrx_word' id='word_1_131' title='bbox 661 1615 763 1662; x_wconf 85' lang='lat' dir='ltr'><strong>Nee</strong></span> <span class='ocrx_word' id='word_1_132' title='bbox 794 1613 1009 1662; x_wconf 85' lang='lat' dir='ltr'><strong>abhorret</strong></span> <span class='ocrx_word' id='word_1_133' title='bbox 1025 1630 1056 1662; x_wconf 85' lang='lat' dir='ltr'><strong>a</strong></span> <span class='ocrx_word' id='word_1_134' title='bbox 1078 1630 1184 1663; x_wconf 86' lang='lat' dir='ltr'><strong>vero</strong></span> <span class='ocrx_word' id='word_1_135' title='bbox 1198 1634 1213 1663; x_wconf 80' lang='grc' dir='ltr'><strong>ι</strong></span> <span class='ocrx_word' id='word_1_136' title='bbox 1247 1630 1452 1678; x_wconf 85' lang='lat' dir='ltr'><strong>namque</strong></span> <span class='ocrx_word' id='word_1_137' title='bbox 1463 1615 1594 1662; x_wconf 86' lang='lat' dir='ltr'><strong>iden-</strong></span> 
     </span>
     <span class='ocr_line' id='line_1_22' title="bbox 248 1678 1591 1763; baseline 0.002 -38"><span class='ocrx_word' id='word_1_138' title='bbox 248 1678 447 1725; x_wconf 73' lang='lat' dir='ltr'><strong>fidem‘</strong></span> <span class='ocrx_word' id='word_1_139' title='bbox 451 1678 672 1727; x_wconf 75' lang='lat' dir='ltr'><strong>‘felicem</strong></span> <span class='ocrx_word' id='word_1_140' title='bbox 701 1679 981 1726; x_wconf 85' lang='lat' dir='ltr'><strong>Priamum”</strong></span> <span class='ocrx_word' id='word_1_141' title='bbox 1030 1682 1317 1742; x_wconf 85' lang='lat' dir='ltr'><strong>vocabat,“</strong></span> <span class='ocrx_word' id='word_1_142' title='bbox 1351 1679 1481 1763; x_wconf 84' lang='lat' dir='ltr'><strong>quod</strong></span> <span class='ocrx_word' id='word_1_143' title='bbox 1512 1694 1591 1727; x_wconf 86' lang='lat' dir='ltr'><strong>su-</strong></span> 
     </span>
     <span class='ocr_line' id='line_1_23' title="bbox 445 1744 1196 1792; baseline 0.001 -1"><span class='ocrx_word' id='word_1_144' title='bbox 445 1744 659 1791; x_wconf 85' lang='lat' dir='ltr'><strong>omnium</strong></span> <span class='ocrx_word' id='word_1_145' title='bbox 681 1757 872 1791; x_wconf 84' lang='lat' dir='ltr'><strong>suorum</strong></span> <span class='ocrx_word' id='word_1_146' title='bbox 892 1744 1196 1792; x_wconf 83' lang='lat' dir='ltr'><strong>exstitisset.”</strong></span> 
     </span>
    </p>

    <p class='ocr_par' dir='ltr' id='par_1_3' title="bbox 204 1806 1649 2709">
     <span class='ocr_line' id='line_1_24' title="bbox 317 1806 1593 1872; baseline -0.001 -16"><span class='ocrx_word' id='word_1_147' title='bbox 317 1806 460 1872; x_wconf 80' lang='lat'>(63.)</span> <span class='ocrx_word' id='word_1_148' title='bbox 491 1806 670 1869; x_wconf 82' lang='lat' dir='ltr'><strong>Quam,</strong></span> <span class='ocrx_word' id='word_1_149' title='bbox 710 1807 829 1855; x_wconf 87' lang='lat' dir='ltr'><strong>inter</strong></span> <span class='ocrx_word' id='word_1_150' title='bbox 858 1808 975 1869; x_wconf 80' lang='lat' dir='ltr'><strong>haee,</strong></span> <span class='ocrx_word' id='word_1_151' title='bbox 1013 1822 1107 1855; x_wconf 89' lang='lat' dir='ltr'><strong>non</strong></span> <span class='ocrx_word' id='word_1_152' title='bbox 1140 1807 1284 1856; x_wconf 91' lang='lat' dir='ltr'><strong>modo</strong></span> <span class='ocrx_word' id='word_1_153' title='bbox 1319 1808 1499 1855; x_wconf 81' lang='lat' dir='ltr'><strong>invisus</strong></span> <span class='ocrx_word' id='word_1_154' title='bbox 1537 1822 1593 1855; x_wconf 85' lang='lat' dir='ltr'><strong>ac</strong></span> 
     </span>
     <span class='ocr_line' id='line_1_25' title="bbox 245 1865 1593 1935; baseline -0.001 -16"><span class='ocrx_word' id='word_1_155' title='bbox 245 1871 554 1935; x_wconf 82' lang='lat' dir='ltr'><strong>detestabilis,</strong></span> <span class='ocrx_word' id='word_1_156' title='bbox 588 1872 670 1920; x_wconf 90' lang='lat' dir='ltr'><strong>sed</strong></span> <span class='ocrx_word' id='word_1_157' title='bbox 699 1872 1003 1935; x_wconf 84' lang='lat' dir='ltr'><strong>praetrepidus</strong></span> <span class='ocrx_word' id='word_1_158' title='bbox 1038 1885 1242 1935; x_wconf 88' lang='lat' dir='ltr'><strong>quoque,</strong></span> <span class='ocrx_word' id='word_1_159' title='bbox 1277 1879 1417 1933; x_wconf 89' lang='lat' dir='ltr'><strong>atque</strong></span> <span class='ocrx_word' id='word_1_160' title='bbox 1450 1865 1593 1918; x_wconf 78' lang='lat' dir='ltr'><strong>etiam</strong></span> 
     </span>
     <span class='ocr_line' id='line_1_26' title="bbox 250 1935 1592 2013; baseline -0.001 -29"><span class='ocrx_word' id='word_1_161' title='bbox 250 1936 548 1984; x_wconf 85' lang='lat' dir='ltr'><strong>contumeliis</strong></span> <span class='ocrx_word' id='word_1_162' title='bbox 580 1937 827 1997; x_wconf 77' lang='lat' dir='ltr'><strong>obnoxius,</strong></span> <span class='ocrx_word' id='word_1_163' title='bbox 865 1937 1051 2013; x_wconf 74' lang='lat' dir='ltr'><strong>vixerit,</strong></span> <span class='ocrx_word' id='word_1_164' title='bbox 1086 1951 1139 1983; x_wconf 90' lang='grc' dir='ltr'><strong>ιιι</strong></span> <span class='ocrx_word' id='word_1_165' title='bbox 1138 1936 1241 1983; x_wconf 84' lang='lat' dir='ltr'><strong>ulta</strong></span> <span class='ocrx_word' id='word_1_166' title='bbox 1273 1935 1447 1981; x_wconf 82' lang='lat' dir='ltr'><strong>indicia</strong></span> <span class='ocrx_word' id='word_1_167' title='bbox 1465 1943 1592 1982; x_wconf 82' lang='lat' dir='ltr'><strong>sunt.</strong></span> 
     </span>
     <span class='ocr_line' id='line_1_27' title="bbox 251 1998 1595 2064; baseline -0.003 -15"><span class='ocrx_word' id='word_1_168' title='bbox 251 2001 543 2064; x_wconf 77' lang='lat' dir='ltr'><strong>Haruspices</strong></span> <span class='ocrx_word' id='word_1_169' title='bbox 577 2009 748 2049; x_wconf 85' lang='lat' dir='ltr'><strong>secreto</strong></span> <span class='ocrx_word' id='word_1_170' title='bbox 781 2016 836 2048; x_wconf 80' lang='lat' dir='ltr'><strong>ac</strong></span> <span class='ocrx_word' id='word_1_171' title='bbox 868 2001 967 2048; x_wconf 89' lang='lat' dir='ltr'><strong>sine</strong></span> <span class='ocrx_word' id='word_1_172' title='bbox 994 2001 1190 2047; x_wconf 77' lang='lat' dir='ltr'><strong>testibus</strong></span> <span class='ocrx_word' id='word_1_173' title='bbox 1220 1998 1400 2047; x_wconf 85' lang='lat' dir='ltr'><strong>consuli</strong></span> <span class='ocrx_word' id='word_1_174' title='bbox 1434 1999 1595 2045; x_wconf 74' lang='lat' dir='ltr'><strong>vetuit.</strong></span> 
     </span>
     <span class='ocr_line' id='line_1_28' title="bbox 249 2063 1596 2126; baseline -0.003 -11"><span class='ocrx_word' id='word_1_175' title='bbox 249 2066 429 2115; x_wconf 83' lang='lat' dir='ltr'><strong>Vicina</strong></span> <span class='ocrx_word' id='word_1_176' title='bbox 462 2079 569 2115; x_wconf 82' lang='lat' dir='ltr'><strong>vero</strong></span> <span class='ocrx_word' id='word_1_177' title='bbox 604 2065 727 2113; x_wconf 89' lang='lat' dir='ltr'><strong>Urbi</strong></span> <span class='ocrx_word' id='word_1_178' title='bbox 765 2065 952 2114; x_wconf 81' lang='lat' dir='ltr'><strong>oracula</strong></span> <span class='ocrx_word' id='word_1_179' title='bbox 986 2064 1127 2111; x_wconf 80' lang='lat' dir='ltr'><strong>etiam</strong></span> <span class='ocrx_word' id='word_1_180' title='bbox 1160 2063 1371 2126; x_wconf 84' lang='lat' dir='ltr'><strong>disjicere</strong></span> <span class='ocrx_word' id='word_1_181' title='bbox 1404 2070 1596 2111; x_wconf 82' lang='lat' dir='ltr'><strong>conatus</strong></span> 
     </span>
     <span class='ocr_line' id='line_1_29' title="bbox 250 2128 1595 2193; baseline -0.004 -14"><span class='ocrx_word' id='word_1_182' title='bbox 250 2139 352 2179; x_wconf 82' lang='lat' dir='ltr'><strong>est·</strong></span> <span class='ocrx_word' id='word_1_183' title='bbox 391 2129 488 2189; x_wconf 87' lang='lat' dir='ltr'><strong>sed,</strong></span> <span class='ocrx_word' id='word_1_184' title='bbox 508 2131 751 2193; x_wconf 73' lang='lat' dir='ltr'><strong>majestate</strong></span> <span class='ocrx_word' id='word_1_185' title='bbox 773 2129 1165 2178; x_wconf 81' lang='lat' dir='ltr'><strong>Praenestinarum</strong></span> <span class='ocrx_word' id='word_1_186' title='bbox 1187 2128 1383 2176; x_wconf 86' lang='lat' dir='ltr'><strong>sortium</strong></span> <span class='ocrx_word' id='word_1_187' title='bbox 1394 2128 1595 2187; x_wconf 81' lang='lat' dir='ltr'><strong>ten-itus,</strong></span> 
     </span>
     <span class='ocr_line' id='line_1_30' title="bbox 246 2192 1597 2258; baseline -0.004 -15"><span class='ocrx_word' id='word_1_188' title='bbox 246 2193 450 2254; x_wconf 86' lang='lat' dir='ltr'><strong>destitit,</strong></span> <span class='ocrx_word' id='word_1_189' title='bbox 477 2209 586 2242; x_wconf 90' lang='lat' dir='ltr'><strong>cum</strong></span> <span class='ocrx_word' id='word_1_190' title='bbox 620 2195 904 2258; x_wconf 83' lang='lat' dir='ltr'><strong>obsignatas,</strong></span> <span class='ocrx_word' id='word_1_191' title='bbox 928 2194 1233 2255; x_wconf 81' lang='lat' dir='ltr'><strong>devectasque</strong></span> <span class='ocrx_word' id='word_1_192' title='bbox 1257 2192 1479 2250; x_wconf 85' lang='lat' dir='ltr'><strong>Romam,</strong></span> <span class='ocrx_word' id='word_1_193' title='bbox 1501 2206 1597 2239; x_wconf 87' lang='lat' dir='ltr'><strong>non</strong></span> 
     </span>
     <span class='ocr_line' id='line_1_31' title="bbox 204 2255 1596 2334; baseline -0.004 -27"><span class='ocrx_word' id='word_1_194' title='bbox 204 2259 720 2322; x_wconf 49' lang='lat' dir='ltr'><strong>&#39;reperissetinarcffi</strong></span> <span class='ocrx_word' id='word_1_195' title='bbox 751 2259 843 2307; x_wconf 90' lang='lat' dir='ltr'><strong>nisi</strong></span> <span class='ocrx_word' id='word_1_196' title='bbox 881 2255 1028 2306; x_wconf 64' lang='lat' dir='ltr'><strong>relata</strong></span> <span class='ocrx_word' id='word_1_197' title='bbox 1063 2271 1223 2305; x_wconf 84' lang='lat' dir='ltr'><strong>rursus</strong></span> <span class='ocrx_word' id='word_1_198' title='bbox 1261 2255 1318 2303; x_wconf 89' lang='lat' dir='ltr'><strong>ad</strong></span> <span class='ocrx_word' id='word_1_199' title='bbox 1338 2255 1596 2334; x_wconf 78' lang='lat' dir='ltr'><strong>templum.</strong></span> 
     </span>
     <span class='ocr_line' id='line_1_32' title="bbox 251 2321 1600 2384; baseline -0.002 -13"><span class='ocrx_word' id='word_1_200' title='bbox 251 2323 420 2372; x_wconf 89' lang='lat' dir='ltr'><strong>Unum</strong></span> <span class='ocrx_word' id='word_1_201' title='bbox 441 2331 490 2371; x_wconf 87' lang='lat' dir='ltr'><strong>et</strong></span> <span class='ocrx_word' id='word_1_202' title='bbox 511 2323 708 2371; x_wconf 83' lang='lat' dir='ltr'><strong>alterum</strong></span> <span class='ocrx_word' id='word_1_203' title='bbox 725 2323 1003 2384; x_wconf 85' lang='lat' dir='ltr'><strong>consulares,</strong></span> <span class='ocrx_word' id='word_1_204' title='bbox 1028 2322 1199 2370; x_wconf 86' lang='lat' dir='ltr'><strong>oblatis</strong></span> <span class='ocrx_word' id='word_1_205' title='bbox 1219 2321 1487 2384; x_wconf 78' lang='lat' dir='ltr'><strong>provinciis,</strong></span> <span class='ocrx_word' id='word_1_206' title='bbox 1504 2333 1600 2368; x_wconf 86' lang='lat' dir='ltr'><strong>non</strong></span> 
     </span>
     <span class='ocr_line' id='line_1_33' title="bbox 248 2385 1600 2451; baseline -0.002 -16"><span class='ocrx_word' id='word_1_207' title='bbox 248 2403 396 2438; x_wconf 78' lang='lat' dir='ltr'><strong>ausus</strong></span> <span class='ocrx_word' id='word_1_208' title='bbox 417 2404 448 2435; x_wconf 82' lang='lat' dir='ltr'><strong>a</strong></span> <span class='ocrx_word' id='word_1_209' title='bbox 462 2403 512 2436; x_wconf 89' lang='lat' dir='ltr'><strong>se</strong></span> <span class='ocrx_word' id='word_1_210' title='bbox 531 2387 779 2450; x_wconf 83' lang='lat' dir='ltr'><strong>dimittere,</strong></span> <span class='ocrx_word' id='word_1_211' title='bbox 813 2401 963 2451; x_wconf 86' lang='lat' dir='ltr'><strong>usque</strong></span> <span class='ocrx_word' id='word_1_212' title='bbox 985 2402 1041 2435; x_wconf 91' lang='lat' dir='ltr'><strong>eo</strong></span> <span class='ocrx_word' id='word_1_213' title='bbox 1061 2386 1278 2446; x_wconf 89' lang='lat' dir='ltr'><strong>detinuit,</strong></span> <span class='ocrx_word' id='word_1_214' title='bbox 1312 2385 1457 2435; x_wconf 83' lang='lat' dir='ltr'><strong>donec</strong></span> <span class='ocrx_word' id='word_1_215' title='bbox 1494 2398 1600 2432; x_wconf 85' lang='lat' dir='ltr'><strong>suc-</strong></span> 
     </span>
     <span class='ocr_line' id='line_1_34' title="bbox 249 2448 1598 2516; baseline -0.003 -16"><span class='ocrx_word' id='word_1_216' title='bbox 249 2466 450 2502; x_wconf 79' lang='lat' dir='ltr'><strong>cessores</strong></span> <span class='ocrx_word' id='word_1_217' title='bbox 500 2461 610 2516; x_wconf 88' lang='lat' dir='ltr'><strong>post</strong></span> <span class='ocrx_word' id='word_1_218' title='bbox 663 2453 845 2516; x_wconf 82' lang='lat' dir='ltr'><strong>aliquot</strong></span> <span class='ocrx_word' id='word_1_219' title='bbox 891 2467 1039 2500; x_wconf 88' lang='lat' dir='ltr'><strong>annos</strong></span> <span class='ocrx_word' id='word_1_220' title='bbox 1089 2451 1395 2515; x_wconf 71' lang='lat' dir='ltr'><strong>praesentibus</strong></span> <span class='ocrx_word' id='word_1_221' title='bbox 1437 2448 1598 2506; x_wconf 81' lang='lat' dir='ltr'><strong>daret,</strong></span> 
     </span>
     <span class='ocr_line' id='line_1_35' title="bbox 248 2513 1604 2578; baseline -0.003 -13"><span class='ocrx_word' id='word_1_222' title='bbox 248 2531 361 2565; x_wconf 85' lang='lat' dir='ltr'><strong>cum</strong></span> <span class='ocrx_word' id='word_1_223' title='bbox 405 2518 609 2578; x_wconf 86' lang='lat' dir='ltr'><strong>interim,</strong></span> <span class='ocrx_word' id='word_1_224' title='bbox 662 2525 876 2565; x_wconf 81' lang='lat' dir='ltr'><strong>manente</strong></span> <span class='ocrx_word' id='word_1_225' title='bbox 912 2517 1055 2565; x_wconf 85' lang='lat' dir='ltr'><strong>officii</strong></span> <span class='ocrx_word' id='word_1_226' title='bbox 1099 2517 1255 2577; x_wconf 81' lang='lat' dir='ltr'><strong>titulo,</strong></span> <span class='ocrx_word' id='word_1_227' title='bbox 1299 2516 1442 2563; x_wconf 85' lang='lat' dir='ltr'><strong>etiam</strong></span> <span class='ocrx_word' id='word_1_228' title='bbox 1480 2513 1604 2561; x_wconf 86' lang='lat' dir='ltr'><strong>dele-</strong></span> 
     </span>
     <span class='ocr_line' id='line_1_36' title="bbox 244 2577 1649 2645; baseline -0.004 -13"><span class='ocrx_word' id='word_1_229' title='bbox 244 2590 381 2644; x_wconf 68' lang='lat' dir='ltr'><strong>gaaeet</strong></span> <span class='ocrx_word' id='word_1_230' title='bbox 401 2582 612 2645; x_wconf 78' lang='lat' dir='ltr'><strong>plurima</strong></span> <span class='ocrx_word' id='word_1_231' title='bbox 623 2582 824 2643; x_wconf 79' lang='lat' dir='ltr'><strong>assidue,</strong></span> <span class='ocrx_word' id='word_1_232' title='bbox 860 2597 967 2645; x_wconf 83' lang='lat' dir='ltr'><strong>quae</strong></span> <span class='ocrx_word' id='word_1_233' title='bbox 984 2582 1057 2628; x_wconf 87' lang='lat' dir='ltr'><strong>illi</strong></span> <span class='ocrx_word' id='word_1_234' title='bbox 1077 2595 1159 2644; x_wconf 84' lang='lat' dir='ltr'><strong>per</strong></span> <span class='ocrx_word' id='word_1_235' title='bbox 1186 2582 1366 2644; x_wconf 80' lang='lat' dir='ltr'><strong>legatos</strong></span> <span class='ocrx_word' id='word_1_236' title='bbox 1388 2589 1433 2627; x_wconf 87' lang='lat' dir='ltr'><strong>et</strong></span> <span class='ocrx_word' id='word_1_237' title='bbox 1462 2577 1601 2641; x_wconf 87' lang='lat' dir='ltr'><strong>adju·</strong></span> <span class='ocrx_word' id='word_1_238' title='bbox 1646 2589 1649 2592; x_wconf 75' lang='grc'>’</span> 
     </span>
     <span class='ocr_line' id='line_1_37' title="bbox 250 2646 1069 2709; baseline -0.002 -14"><span class='ocrx_word' id='word_1_239' title='bbox 250 2657 370 2695; x_wconf 86' lang='lat' dir='ltr'><strong>tores</strong></span> <span class='ocrx_word' id='word_1_240' title='bbox 393 2661 504 2694; x_wconf 88' lang='lat' dir='ltr'><strong>suos</strong></span> <span class='ocrx_word' id='word_1_241' title='bbox 527 2646 824 2709; x_wconf 82' lang='lat' dir='ltr'><strong>exsequenda</strong></span> <span class='ocrx_word' id='word_1_242' title='bbox 844 2655 1069 2694; x_wconf 80' lang='lat' dir='ltr'><strong>curarent.</strong></span> 
     </span>
    </p>
   </div>
  </div>
 </body>
</html>
