1950 3100
335 117 429 167 198
654 113 777 182 (V.)
841 113 1208 167 CLAUDIUS.
1276 116 1354 164 46.

328 246 449 294 simo
469 245 634 301 aetatis,
657 242 841 303 imperii
864 242 1208 304 quartodecimo
1228 258 1382 306 unnog
1406 242 1686 290 funeratus-

363 324 423 357 ue
441 317 512 357 est
540 307 737 356 sollenni
760 306 1033 368 Principum
1054 309 1246 372 pompa,
1270 318 1318 356 et
1338 310 1390 355 in
1421 322 1683 354 numerum

329 324 541 421 {eorum
559 371 746 419 relatus.
813 370 971 429 Quem
993 372 1230 434 honorem,
1260 389 1291 420 a
1319 373 1515 420 Nerone
1536 370 1684 418 desti-

330 445 490 484 tutum
510 436 847 498 abolitumque,
878 437 1051 498 recepit
1071 451 1185 485 mox
1205 453 1288 499 per
1306 435 1680 498 Vespasianum.

396 499 539 565 (46.)
573 500 809 563 Prasagia
844 501 1009 547 mortis
1052 503 1155 563 ejus
1191 502 1428 564 praecipua
1469 499 1682 560 fuerunt,

332 573 521 613 exortus
552 565 726 613 crinitae
757 563 917 623 stellae,
941 580 1088 627 quam
1116 573 1324 613 cometen
1346 572 1547 619 vocant3
1583 571 1684 610 tac-

470 644 530 676 ue
572 629 630 676 de
673 629 786 676 coelo
827 630 1170 677 monimentum
1214 629 1364 677 Drusi
1406 628 1588 691 patris·
1633 636 1683 675 et

502 693 663 742 eodem
677 706 816 752 anno,
832 707 891 739 ex
912 695 1126 741 omnium
1138 694 1504 757 magistratuum
1518 707 1683 753 genere

335 757 543 820 plerique
573 767 769 804 mortem
800 756 1021 804 obierant.
1087 758 1180 806 Sed
1208 773 1292 806 nec
1320 759 1421 820 ipse
1445 755 1684 818 ignorasse

337 831 423 870 aut
443 821 761 870 dissimulasse
780 820 950 868 ultima
971 823 1081 869 vitae
1111 837 1210 870 suae
1243 830 1454 885 tempora
1479 820 1680 883 videtin,

336 887 521 950 aliquot
555 886 746 950 quidm
789 887 1088 947 argumentis.
1153 886 1283 933 Nam
1317 895 1379 947 et,
1421 900 1535 933 cum
1573 899 1683 932 con-

340 952 463 1000 sules
484 950 756 1013 designaret,
780 950 1012 998 neminem
1032 951 1156 997 ultra
1176 963 1400 1010 mensem,
1424 963 1524 1011 quo
1545 950 1681 1010 obiit,

339 1016 627 1079 designavit.
664 1023 711 1062 et
750 1015 800 1061 i'n
836 1024 1016 1076 senatu,
1054 1016 1132 1061 cui
1168 1014 1420 1062 novissime
1449 1013 1623 1060 interfu
1624 1013 1679 1074 it,

340 1081 547 1128 multum
591 1081 652 1128 ad
694 1078 982 1128 concordiam
1024 1079 1193 1126 liberos
1241 1093 1351 1126 suos
1394 1077 1682 1135 cohortatus,

343 1146 585 1207 utriusque
606 1151 788 1192 aetatem
803 1144 1072 1206 suppliciter
1084 1143 1307 1191 Patribus
1323 1142 1681 1190 commendavit.

342 1208 426 1268 Et,
457 1208 508 1254 in
537 1209 707 1256 ultima
726 1208 985 1270 cognitione
1012 1222 1097 1297 pro
1117 1207 1417 1267 tribunali‚⁸‘
1440 1207 1684 1255 accessisse

343 1286 392 1319 se
420 1270 482 1318 ad
509 1272 649 1319 finem
681 1271 1031 1333 mortalitatis?
1054 1286 1345 1334 quamquam
1368 1270 1682 1318 abominanti-

343 1336 454 1447 23⁸⁹·
458 1338 576 1448 &qni
609 1335 875 1398 audiebant,
915 1336 1058 1386 semel
1091 1344 1233 1399 atque
1269 1337 1437 1384 iterum
1474 1349 1682 1399 pronun-

411 1413 458 1447 vn
