1950 3100
507 143 664 211 (tx.)
726 142 1128 198 ιτιπωιυε.
1195 146 1273 204 ι7.
1465 146 1563 197 ιιι

217 271 454 321 abscessit.
505 272 1324 338 Sessquibnsdmacehnmffl
1348 274 1560 338 “ipsum

219 352 317 385 esse
338 337 698 402 Concordiam,”
719 340 884 389 rediitz
919 354 1005 388 nec
1018 339 1171 389 solum
1191 340 1449 388 retinerese
1467 340 1559 387 fa·-

219 401 1559 468 rmnaffimavigverumetiamcmcordlaerecipereco-

284 528 402 593 (16
406 529 427 592 )
444 530 1555 597 Βιιιιιιᾳιιοιειιιιιιῂιιιιιςιιωσιιιιινιιςιιιιδιιο

221 593 596 643 Vestalibusml
526 597 775 655 mitterent,
803 610 982 659 pacem,
1016 605 1099 646 aut
1132 604 1252 646 certe
1278 605 1465 660 tempus
1496 597 1559 645 ad

222 658 597 720 cmsultandum,
641 661 880 724 petituros.
946 661 1180 710 Postridie
1218 675 1437 725 responsa
1472 676 1559 724 op-

222 723 417 799 pauenti
458 726 726 775 nuntiatum
761 733 833 773 est
861 739 945 788 per
980 738 1073 789 exp
1071 726 1333 787 loeatorem,
1376 725 1560 775 hostem

315 789 606 852 ropinquare.
641 789 875 838 Continuo
889 791 1050 852 igitur,
1060 792 1299 839 abstrusus
1311 789 1562 853 gestatoria

221 793 352 912 effla,
367 852 552 902 duobus
563 854 675 902 solis
689 854 953 916 comitibus,
972 855 1145 918 pistore
1155 862 1203 901 et
1205 868 1382 930 coquo,
1396 855 1561 902 Aven-

223 916 377 963 tinum
408 925 455 964 et
482 926 721 980 paternam
748 917 943 966 domum
972 919 1096 966 clam
1121 918 1273 982 petiit,
1295 925 1352 964 ut
1380 917 1524 964 inde·
1509 931 1562 964 ιιι

222 933 546 1043 Campaniam
551 981 745 1045 fugeret.
807 983 949 1044 Mox,
972 983 1067 1031 levi
1088 996 1272 1030 rumore
1298 988 1347 1028 et
1366 981 1556 1041 incerto,

223 1051 467 1107 tamquam
499 1061 596 1109 pax
629 1048 876 1109 impetrata
904 1054 1038 1107 esset,
1072 1046 1227 1094 referri
1256 1060 1305 1093 se
1335 1045 1387 1092 in
1417 1044 1559 1092 Pala-

222 1108 536 1222 dissudnbegatibii}
547 1110 960 1238 ξειιιιιιηὲιὶιισὲιῐιιιιιιῖ
973 1183 1118 1235 erant,
1125 1125 1246 1222 ίἑοιιῆ
1256 1188 1305 1221 se
1316 1187 1562 1221 aureorum

222 1236 365 1299 plena
401 1238 726 1298 circumdedit,
770 1237 1074 1302 confugitque
1102 1239 1153 1286 in
1187 1236 1405 1289 cellulam
1435 1237 1560 1300 jani-

223 1301 578 1428 ang'cusoengaw
605 1319 691 1367 pro
709 1274 896 1352 ’foribus
925 1318 1056 1364 cane,
1076 1303 1289 1367 lectoque
1317 1310 1365 1350 et
1390 1300 1563 1354 culcita

284 1383 431 1494 (17.)
463 1431 731 1496 Irruperant
757 1434 860 1494 jam
1120 1440 1451 1491 antecessores,

223 1495 409 1542 nemine
428 1497 582 1557 obvio,
602 1498 891 1545 rimabantur
934 1505 991 1545 ut
1018 1498 1095 1564 fit)
1116 1497 1315 1561 singula.
1380 1496 1563 1609 Abmm
1486 1495 1564 1545 his

224 1567 458 1608 exn-actus
494 1576 520 1609 e
555 1562 747 1623 latebra,
785 1563 1084 1622 sciscitantes,
1120 1564 1229 1625 quis
1260 1570 1393 1623 esset,

307 1623 544 1699 orabatur)
565 1634 612 1673 et
632 1628 718 1673 ubi
746 1641 842 1673 esse
862 1626 1114 1675 Vitellium
1143 1627 1293 1685 sciret,
1320 1640 1429 1673 men
1533 1641 1565 1675 o

268 1688 393 1736 usit.
441 1688 606 1735 deinde
639 1690 842 1751 agnitus,
875 1705 1037 1765 rogare
1070 1704 1163 1737 non
1197 1689 1389 1750 destitit,
1428 1690 1565 1750 quasi

225 1752 444 1828 quaedam
464 1751 523 1798 de
548 1752 696 1799 salute
639 1704 999 1813 Vespasiani
1024 1752 1249 1812 dicturus,
1271 1760 1327 1799 ut
1358 1753 1564 1800 custodi-

222 1824 353 1863 retur
379 1815 564 1862 interim
591 1815 665 1863 vel
698 1816 747 1862 in
783 1830 987 1872 carcere3
1022 1816 1183 1876 donec,
1216 1815 1422 1878 religatis
1454 1824 1563 1876 post

223 1888 357 1941 terga
385 1878 620 1935 manibus,
654 1878 822 1940 iniecto
851 1850 1106 1926 cervicibus
1134 1879 1318 1942 laqueo,
1342 1887 1466 1926 veste
1490 1877 1565 1925 di-

224 1942 389 2003 scissa,
414 1942 686 1990 seminudus
706 1943 756 1988 in
777 1941 932 1989 forum
952 1950 1125 1991 tracms
1145 1951 1230 2004 est,
1254 1944 1372 1989 inter
1389 1956 1565 2003 magna

222 2022 381 2055 rerum
401 2008 737 2069 verborumque
754 2006 975 2083 ludibria,
1005 2021 1088 2069 per
1106 2014 1258 2054 totum
1276 2006 1386 2055 viae
1412 2006 1565 2054 Sacra>

225 2073 451 2135 spatium,
473 2069 662 2119 reducto
681 2070 815 2119 coma
835 2085 889 2118 ca
886 2071 1001 2133 pite,
1034 2083 1118 2119 ceu
1141 2071 1275 2118 noxii
1305 2069 1469 2128 solent,
1492 2078 1566 2117 at-

260 2151 321 2183 ue
342 2137 484 2184 etiam
503 2143 660 2184 mento
679 2149 895 2184 mucrone
921 2134 1069 2198 gladii
1089 2136 1315 2195 subrecto,
1338 2141 1394 2182 ut
1413 2134 1567 2181 visen-

225 2151 341 2247 dam
361 2201 581 2263 praeberet
600 2200 783 2261 faciem,
801 2214 916 2247 neve
936 2200 1255 2257 submitteret3
1281 2197 1568 2286 quibusdam

226 2272 422 2314 stercore
442 2273 489 2312 et
504 2279 631 2313 coeno
646 2264 995 2325 metuentibus,
1019 2263 1125 2312 aliis
1148 2265 1183 2292 ‘⁴
1196 2262 1568 2311 incendiarium”

227 2330 318 2375 et‘
320 2329 674 2392 ‘patinarium”
699 2328 1089 2387 vociferantibus3
1123 2335 1254 2405 parte
1274 2327 1406 2390 vulgi
1426 2326 1569 2374 etiam

226 2394 429 2470 corporis
448 2394 565 2441 vitia
585 2395 905 2457 exprobrante,
950 2400 1046 2441 erat
1073 2393 1199 2441 enim
1223 2394 1275 2439 in
1293 2406 1348 2440 eo
1369 2389 1571 2439 mannis

226 2459 492 2519 proceritas,
525 2457 691 2570 faciesal
696 2457 867 2505 rubida
1081 2472 1174 2520 que
1210 2472 1270 2504 ex
1299 2452 1570 2513 vinolentia,

226 2528 386 2569 venter
428 2523 610 2583 obesus,
692 2472 1114 2570 terumtgmurq
1065 2520 1324 2580 subdebile,
1361 2518 1572 2583 impulsu

226 2584 346 2633 olim
379 2522 691 2649 quadrigae,al
665 2601 775 2635 cum
805 2587 1040 2650 auriganti
1067 2587 1185 2636 Caio
1217 2585 1574 2633 ministratorem

225 2648 488 2714 exhiberet)
525 2650 729 2713 tandem,
769 2650 898 2715 apud
931 2651 1201 2713 Gemonias,
1240 2648 1569 2699 minutissimis
