1950 3100
370 150 462 198 184
682 148 804 213 (v.)
867 147 1233 199 ememus.
1296 150 1375 200 21.

364 274 613 336 commisit,
634 290 744 324 cum
773 276 905 339 prius
934 277 1064 341 apud
1091 277 1343 340 superiores
1375 274 1496 324 aedes
1516 275 1701 337 suppli-

366 339 527 399 casset,
549 354 723 402 perque
741 341 945 389 mediam
965 356 1170 402 caveam,
1193 341 1458 390 sedentibus
1484 355 1539 387 ac
1558 339 1698 387 silen-

367 403 493 450 tibus
514 404 707 465 cunctis,
725 405 1044 454 descendisset.
1079 407 1211 453 Fecit
1226 415 1273 453 et
1287 404 1542 464 saeculares,
1561 404 1698 466 quasi

365 467 640 528 anticipatos
672 471 734 516 ab
767 470 1007 532 Augusto,
1039 484 1124 519 nec
1153 470 1365 532 legitimo
1399 470 1598 530 tempori
1627 482 1698 513 re-

365 539 597 589 servatos3
644 506 1698 596 quamvisipseinhistoriissuisprodat,

366 596 402 623 “
422 565 706 645 inoerm’issos
738 613 816 646 eos
837 598 1130 660 Augustum,
1166 598 1318 645 multo
1344 604 1468 659 post,
1499 596 1697 706 diligen-

365 658 542 706 tissime
564 674 789 709 annorum
814 663 990 710 ratione
1018 662 1300 739 subduc-tis
1286 677 1337 709 m
1366 658 1674 709 ordinemred

361 724 522 792 egisse.
526 724 561 747 ”
625 724 785 784 Quare
813 741 905 774 vox
935 727 1158 787 praeconis
1190 727 1324 773 irrisa
1350 733 1435 784 est,
1457 723 1699 771 invitantis

364 802 491 836 more
511 787 707 836 sollenni
733 789 795 837 ad
820 789 1017 851 ludos‚‘
1020 793 1177 853 ‘quos
1197 804 1280 837 nec
1301 788 1550 852 spectasset
1569 788 1698 851 quis-

364 865 526 914 quam,
550 867 635 901 nec
653 862 938 917 spectaturus
958 825 1127 911 ’essetg'
1132 855 1289 910 ’cum
1310 860 1597 916 superessent
1616 851 1699 898 ad

361 915 471 978 huc,
498 916 582 980 qui
610 926 935 981 spectaverant,
966 926 1014 965 et
1045 917 1240 981 quidem
1264 918 1563 976 histrionum,
1593 930 1699 977 pro-

363 980 494 1029 ducti
514 980 645 1043 olim,
668 990 781 1030 tunc
812 996 1000 1045 quoque
1025 982 1397 1059 producerentur.
1463 980 1698 1028 Circenses

361 1043 622 1121 freqnenter
634 1048 773 1094 etiam
791 1047 843 1102 in
857 1045 1087 1094 Vaticano
1100 1046 1350 1106 commisit,
1361 1057 1698 1107 nonnunquam

363 1108 602 1186 interjecta
625 1126 707 1172 per
726 1109 895 1186 quinos
921 1110 1094 1158 missus
1115 1110 1369 1158 venatione.
1435 1108 1573 1156 Circo
1595 1123 1699 1156 vero

363 1176 574 1223 maximo
613 1174 883 1222 marmoreis
924 1175 1195 1236 carceribus,
1240 1174 1506 1236 auratisque
1543 1172 1695 1233 metis,

364 1251 473 1298 quae
495 1245 690 1300 uti-aque
711 1245 759 1284 et
777 1237 972 1301 tophiiia
992 1253 1047 1285 ac
1065 1237 1222 1300 lignea
1241 1245 1375 1285 antea
1394 1237 1593 1296 fuerant,
1616 1251 1697 1283 ex-

365 1300 508 1362 culto,
531 1302 719 1363 propria
737 1302 1024 1350 senatoribus
1044 1301 1413 1363 constituitloca,
1436 1302 1697 1363 promiscue

588 1364 752 1411 solitis.
805 1365 899 1424 Ac,
922 1380 1062 1428 super
1082 1366 1414 1429 quadrigarum
1429 1365 1693 1423 certamina,

460 1430 525 1490 jae
560 1427 721 1475 lusum
763 1429 995 1490 exhibuit,
1034 1439 1081 1478 et
1121 1430 1387 1490 Africanas,
1428 1429 1696 1478 conficiente

301 1521 310 1528 ι
363 1492 519 1540 turma
551 1493 764 1556 equitum
800 1494 1193 1567 pretorianorum,
1238 1494 1436 1542 ducibus
1479 1493 1697 1555 tribunis,

364 1558 561 1620 ipsoque
587 1557 831 1619 prefecto,
865 1561 1083 1634 praeteres
1104 1559 1352 1607 Thessalos
1386 1559 1583 1621 equites,
1612 1559 1700 1621 qui

362 1621 660 1670 ferostauros
691 1624 946 1686 pei-spatia
973 1623 1481 1686 circiagunt,insiliun
1533 1623 1697 1670 uede-

364 1686 525 1747 fessos,
547 1694 594 1734 et
608 1685 670 1733 ad
685 1694 852 1734 terram
873 1688 1089 1737 cornibus
1110 1688 1370 1736 detrahunt.
1405 1630 1700 1735 ΘΙΞιιιοι-ιι

362 1765 557 1799 munera
576 1750 868 1828 plurifariam
888 1766 942 1798 ac
969 1751 1253 1815 multiplicia
1279 1751 1526 1808 exhibuit,
1563 1751 1698 1797 amii-

362 1816 614 1864 versarium
632 1816 683 1863 in
704 1815 863 1864 castris
889 1816 1191 1879 praetorianis,
1222 1817 1320 1864 sine
1342 1815 1583 1891 venatione
1612 1829 1698 1891 ap-

360 1888 884 1993 ibidemqssssfiadffinfflum
884 1879 1701 2037 „ittirffiuffiffim‘sufgm

358 2023 482 2085 ruin,
506 2008 724 2072 quodque
752 2007 983 2071 appellare
1009 2009 1193 2071 coepit‘
1196 2008 1557 2071 ‘”Sportu1am‚
1583 2009 1703 2071 quia

359 2074 569 2134 primum
588 2073 781 2121 daturus
807 2072 1070 2148 edixerat,‘
1075 2073 1239 2121 ‘velut
1267 2073 1325 2121 ad
1357 2073 1562 2120 subitam
1587 2087 1703 2119 con.

358 2136 624 2200 dictamque
661 2136 888 2184 coenulam
922 2137 1117 2184 invitare
1154 2153 1202 2185 se
1243 2137 1509 2213 populum!
1494 2137 1526 2159 ’'
1593 2137 1704 2185 Nec

357 2201 459 2250 ullo
478 2201 728 2264 spectaculi
747 2215 907 2263 genere
922 2202 1211 2249 communior
1230 2211 1315 2248 aut
1331 2201 1567 2248 remissior
1581 2209 1705 2281 erat,

359 2265 475 2313 adeo
508 2274 563 2313 ut
593 2265 772 2313 oblatos
804 2265 1056 2313 victoribus
1088 2280 1262 2326 aureos,
1297 2264 1480 2328 prolata
1507 2264 1704 2315 sinistra

358 2331 528 2392 pariter
564 2344 673 2378 cum
704 2328 863 2390 vulgo,
897 2342 1007 2386 voce
1038 2328 1288 2392 digitisque
1324 2338 1603 2389 numeraret,
1641 2344 1706 2377 ac

357 2409 496 2456 saepe,
512 2393 738 2442 hortando
757 2391 1071 2455 rogandoque,
1096 2392 1156 2441 ad
1177 2393 1459 2442 hilaritatem
1480 2392 1711 2442 homines

356 2458 697 2533 pmvocsreg‘
699 2456 984 2504 ‘dominos”
1018 2456 1270 2505 identidem
1290 2474 1335 2509 a
1333 2456 1566 2533 ppellans,
1603 2457 1711 2504 im-

359 2522 524 2567 mixtis
552 2520 784 2567 interdum
810 2519 993 2580 frigidis
1021 2529 1070 2568 et
1100 2523 1324 2570 arcessitis
1348 2521 1499 2583 jocis.
1535 2521 1711 2583 qualis

357 2590 460 2668 est3
479 2590 535 2628 ut
559 2597 668 2630 cum
697 2582 987 2630 Palumbum
1016 2585 1424 2647 postulantibus‚‘
1428 2584 1705 2634 ‘daturum

358 2645 442 2703 se,’
445 2644 746 2705 ’promisig‘
750 2645 819 2693 ‘si
834 2654 998 2711 ceptus
1013 2650 1181 2699 esset.’'
1238 2648 1369 2696 Illud
1383 2647 1523 2713 plane
1539 2662 1717 2715 quan«.
