1950 3100
348 170 435 233 -ιο
751 168 856 233 (1.)
918 167 1179 217 snmus.
1241 167 1323 217 aas

368 297 685 362 pronuntiavit
703 295 1189 356 senatus-consultum,
1206 310 1303 358 quo
1317 294 1477 343 omnia
1489 290 1716 343 'eiillvinn

369 362 513 417 simul
533 370 674 424 atque
693 360 900 408 humana
919 360 1203 409 decreverat.
1229 361 1345 407 item
1358 358 1711 422 jusjinandum,

371 440 468 488 quo
489 440 538 472 se
557 425 711 473 cuncti
723 438 809 487 pro
823 424 972 472 salute
986 425 1127 472 unius
1147 424 1506 472 adstrinxerant.
1535 423 1715 485 quibus

369 503 600 565 perpauca
620 503 650 535 a
670 503 719 535 se
740 490 879 535 verba
899 484 1094 535 addidit.
1158 488 1374 547 Lectum,
1397 503 1485 550 pro
1506 487 1711 549 Rosa-is,

370 554 421 599 in
438 553 614 600 Forum
627 553 924 615 magistratus
939 560 986 599 et
998 551 1250 600 honoribus
1265 552 1414 600 functi
1429 551 1709 599 detulerunt.

371 616 531 692 Quem
561 631 669 663 cum
699 632 807 679 pars
829 618 880 663 in
905 616 1160 678 Capitolini
1179 617 1318 664 Jovis
1348 615 1465 663 cella
1487 629 1710 676 cremare,

371 681 555 742 parsin
576 680 703 728 curia
725 681 961 757 Pompeii2
983 680 1243 741 destinaret,
1268 688 1452 743 repente
1476 679 1573 727 duo
1600 680 1712 741 qui-

372 743 501 805 dam,
541 743 710 806 gladiis
747 746 983 806 succincti,
1024 760 1079 792 ac
1112 746 1225 792 bina
1258 745 1418 807 jacula
1460 752 1708 819 gestantes,

373 809 641 856 ardentibus
678 810 841 857 cereis
837 808 1209 857 succenderunt.
1252 807 1585 869 confestimque
1621 808 1714 855 cir-

374 873 707 922 cumstantium
728 875 865 921 turba
885 872 1089 936 virgulta
1112 872 1258 933 arida,
1281 880 1328 919 et
1349 887 1457 920 cum
1477 871 1714 920 subselliis

373 937 640 997 tribunalia,
655 937 888 1000 quidquid
901 945 1119 999 praeterea
1132 936 1194 984 ad
1207 951 1402 984 manum
1416 935 1588 996 aderat,
1601 950 1714 982 con-

374 1003 544 1064 gessit,
587 1002 752 1051 deinde
781 1003 993 1050 tibicines
1021 1009 1070 1048 et
1099 1001 1265 1049 scenici
1295 1000 1491 1048 artifices
1517 1007 1709 1061 vestem,

375 1079 520 1128 quam
553 1081 613 1113 ex
643 1067 950 1114 instrumento
976 1064 1320 1127 triumphorum
1351 1064 1412 1112 ad
1440 1071 1713 1127 praesentem

374 1145 516 1178 usum
537 1130 796 1191 induerant,
819 1130 1072 1179 detractam
1096 1131 1187 1177 sibi
1213 1137 1354 1191 atque
1378 1129 1620 1176 discissam
1641 1130 1716 1175 in·

371 1194 523 1255 jecere
557 1194 774 1254 flammae,
807 1202 853 1241 et
884 1202 1202 1241 veteranorum
1230 1193 1437 1240 militum
1473 1191 1718 1254 legionafii

376 1271 506 1304 arma
526 1272 626 1317 sua,
651 1258 823 1318 quibus
843 1258 1019 1305 exculti
1040 1257 1183 1369 ιἰιιέιε
1205 1257 1519 1314 celebrabant,
1502 1265 1720 1369 zizania

374 1334 449 1366 nae
471 1322 611 1367 etiam
663 1320 860 1382 leraeque
879 1336 1098 1369 ornamen
1166 1336 1223 1370 su
1319 1334 1394 1369 uae

373 1382 624 1432 liberorum
629 1335 792 1432 Ibullas
807 1335 1320 1447 atquepraetextas-alil1
1323 1335 1517 1432 suff
1521 1329 1717 1447 pub‘fm

375 1447 522 1509 luctu,
546 1457 806 1495 exterarum
826 1450 1037 1510 gentium
1050 1449 1304 1497 multitudo
1329 1449 1601 1510 circulatim,
1630 1463 1719 1497 suo

377 1524 576 1575 qumque
606 1526 748 1572 more,
779 1511 1031 1561 lamentata
1060 1521 1158 1572 est;
1192 1514 1512 1577 praecipueque
1535 1513 1717 1576 Judai,

377 1577 463 1638 qui
484 1578 625 1623 etiam
646 1577 857 1624 noctibus
871 1578 1101 1625 continuis
1123 1580 1316 1626 bustum
1336 1578 1710 1640 frequentarunt.

443 1638 580 1705 (85.)
614 1640 755 1688 Plebs
782 1641 941 1687 statim
968 1657 999 1689 a
1026 1641 1185 1690 fimere
1209 1643 1270 1690 ad
1291 1642 1485 1690 domum
1506 1642 1649 1689 Bruti
1670 1653 1718 1691 et

377 1702 531 1751 Cassii
560 1719 668 1752 cum
699 1699 880 1752 facibus
910 1705 1134 1753 tetendit·
1172 1714 1327 1769 atque,
1362 1720 1480 1768 aegre
1511 1706 1716 1783 repulsa,

376 1768 568 1815 obvium
585 1769 674 1817 sibi
689 1768 917 1816 Helvium
934 1769 1136 1817 Cinnam
1158 1769 1262 1835 (pe'r
1277 1784 1470 1817 errorem
1491 1771 1713 1833 nominis,

375 1833 511 1894 quasi
534 1832 774 1887 Cornelius
801 1834 843 1879 is
867 1843 1000 1894 esset,
1032 1848 1189 1896 quem,
1221 1836 1419 1896 graviter
1436 1834 1584 1896 pridie
1605 1849 1717 1882 con-

375 1897 612 1945 cionatum
641 1897 699 1944 de
724 1896 920 1958 Caesare‚
945 1898 1206 1975 requirebat
1250 1898 1445 1955 occidit3
1482 1907 1718 1962 caputque

374 1975 641 2073 am
660 1960 1013 2089 propehaegui’nti
1012 2025 1185 2088 pedum
1205 1964 1375 2089 ldpidis
1397 1962 1720 2114 Nfflffl

374 2088 496 2137 Foro
512 2092 689 2150 statuit,
708 2091 1005 2152 scripsitque.
1036 2092 1283 2140 “Parenti
1297 2091 1530 2139 Patriae?
1562 2091 1721 2153 Apud

374 2154 585 2201 eamdem
619 2155 760 2216 longo
792 2163 996 2216 tempore
1026 2154 1292 2215 sacrificare,
1327 2163 1435 2202 vota
1466 2156 1715 2231 suscipere,

373 2219 698 2266 controversias
714 2217 941 2279 quasdam
962 2219 1229 2279 interposito
1243 2233 1325 2280 per
1340 2219 1608 2267 Caesarem
1588 2234 1720 2281 Jure-

368 2282 570 2343 jurando
590 2280 854 2341 distrahere,
877 2283 1194 2343 perseveravit.

438 2344 460 2409 (
474 2344 576 2411 86.)
599 2345 919 2406 Suspicionem
934 2344 1091 2394 Caesar
1104 2346 1386 2408 quibusdam
1401 2360 1594 2395 suomm
1607 2346 1720 2394 reli-

372 2395 544 2471 quiun
600 2415 660 2457 ue
675 2408 875 2457 voluisse
890 2424 938 2457 se
959 2410 1137 2458 diutius
1153 2412 1319 2471 vivere,
1341 2426 1492 2473 neque
1512 2410 1718 2474 mirasse,

372 2474 501 2534 quod
521 2489 552 2521 v
597 2474 783 2521 etudine
810 2473 967 2521 minus
991 2475 1209 2537 prospera
1233 2483 1463 2532 uteretur3
1499 2473 1716 2537 ideoque,

372 2543 420 2583 et
463 2551 571 2598 quae
604 2537 846 2598 religiones
884 2547 1137 2614 monerent,
1175 2547 1223 2585 et
1258 2554 1365 2601 quae
1402 2538 1718 2587 renuntiarent
1781 2573 1784 2576 -

373 2599 528 2658 amici,
551 2600 820 2661 neglexisse·
884 2600 1007 2647 Sunt
1032 2603 1119 2664 qui
1144 2610 1323 2664 putent,
1351 2601 1578 2650 confisum
1603 2611 1722 2651 mm

372 2661 623 2716 novissimo
636 2662 720 2712 ino
733 2663 1149 2714 senatus-consulto
1164 2681 1219 2716 ac
1236 2664 1556 2728 jurejurando,
1568 2666 1720 2715 etiam
