1950 3100
555 143 690 210 (11.)
751 145 1133 197 AUGUSTUS·
1199 149 1277 196 43.
1520 149 1586 196 85

245 285 393 333 quam
424 270 641 335 ducmos,
676 275 1119 352 quinquagenosque
1148 289 1395 324 nummos.
1436 290 1492 323 ac
1524 290 1586 325 ne

244 335 445 385 minores
476 337 666 399 quidem
692 353 858 415 pueros
880 341 1114 402 praeteriit,
1137 341 1352 403 quamvis
1371 354 1467 388 non
1492 341 1585 389 nid

247 400 309 447 ab
330 400 575 449 undecimo
595 404 746 451 aetatis
761 419 882 452 anno
898 406 1099 466 accipere
1119 406 1428 453 consuessent.
1462 404 1583 452 Fru-

244 472 659 588 ᾘἛὲῗέξ
672 468 1588 609 {nfflffifflffffihssss

469 609 529 641 ue
548 597 834 644 nummarias
853 597 1124 660 duplicavit.

314 653 452 721 (42.)
483 659 592 719 Sed,
615 667 672 708 ut
691 660 923 709 salubrem
941 662 1095 722 magis
1116 675 1262 724 quam
1282 661 1585 709 ambitiosum

246 720 515 784 Principem
529 724 682 784 scires,
700 734 964 787 querentem
980 726 1036 773 de
1051 725 1211 788 inopia
1224 732 1271 771 et
1284 725 1473 772 caritate
1488 726 1587 773 vini

248 785 481 846 populum
492 788 778 837 severissima
788 791 989 837 coe‘rcuit
999 803 1137 847 voce3
1166 788 1334 837 “Satis
1344 791 1585 851 provisum

248 862 281 895 a
301 863 466 909 genero
487 865 572 899 suo
590 852 823 915 Agrippa,
855 853 1089 916 perductis
1113 853 1326 915 pluribus
1350 855 1502 915 aquis,
1526 868 1587 903 ne

247 911 460 962 homines
480 916 708 963 sitirent-’⁹
770 918 943 966 Eidem
962 917 1156 980 populo,
1179 917 1458 978 promissum
1479 918 1586 979 qui-

251 974 361 1023 dem
390 980 674 1041 congiarium
703 982 1024 1044 reposcenti,‘
1028 980 1207 1029 ‘Bonae
1232 995 1280 1029 se
1304 979 1414 1027 fidei
1435 981 1585 1041 esse,”

247 1042 511 1102 respondit.
546 1059 639 1092 non
655 1046 936 1108 promissum
950 1053 1108 1093 autem
1122 1044 1368 1107 flagitanti,
1386 1044 1587 1106 turpitu-

248 1103 410 1152 dinem
429 1115 476 1154 et
495 1108 833 1171 impudentiam
853 1110 1005 1157 edicto
1028 1125 1087 1156 ex
1169 1110 1352 1166 bravit;
1384 1107 1587 1155 affirma.

247 1166 426 1244 vitque,
439 1185 533 1220 non
543 1172 762 1221 daturum
773 1189 837 1234 se,
848 1174 1065 1237 quamvis
1197 1172 1459 1221 destinarat.
1484 1173 1536 1219 N
1535 1187 1589 1220 ec

247 1233 428 1280 minore
459 1238 682 1297 gravitate
715 1247 855 1301 atque
886 1237 1159 1298 constantia,
1193 1252 1318 1299 cum,
1342 1238 1589 1314 proposito

244 1299 498 1362 congiario,
513 1301 686 1350 multos
696 1304 1007 1351 manumissos
1021 1304 1303 1365 insertosque
1314 1303 1487 1349 civium
1498 1316 1590 1350 nu

249 1376 380 1409 mero
411 1366 718 1427 comperisset,
748 1368 936 1444 negavit
965 1375 1246 1444 accepturos,
1279 1367 1452 1429 quibus
1481 1381 1590 1442 pro·

248 1426 449 1475 missum
470 1443 563 1476 non
583 1439 727 1479 esset.
761 1432 1025 1494 coeterisque
1050 1433 1222 1491 minus,
1247 1445 1389 1495 quam
1414 1431 1590 1492 promi-

246 1499 386 1551 serat,
410 1492 554 1553 dedit,
579 1503 634 1543 ut
653 1495 881 1543 destinata
900 1511 1086 1543 summa
1111 1495 1348 1544 sufficeret.
1405 1495 1590 1558 Magni

249 1570 359 1603 vero
375 1558 611 1620 quondam
626 1561 877 1622 sterilitate,
896 1576 949 1608 ac
962 1561 1143 1608 difficili
1156 1560 1373 1620 remedio,
1390 1575 1500 1608 cum
1512 1575 1590 1608 ve.-

247 1620 443 1669 nalicias
458 1631 506 1669 et
518 1624 790 1673 lanistarum
809 1625 1030 1685 familias,
1045 1626 1397 1688 peregrinosque
1411 1639 1589 1701 omnes,

249 1686 458 1747 exceptis
481 1687 672 1737 medicis
693 1697 740 1736 et
758 1690 1129 1752 preceptoribus,
1157 1698 1427 1752 partemque
1448 1689 1591 1737 servi-

249 1748 442 1810 tiorum,
465 1752 594 1800 Urbe
613 1754 897 1816 expulisset,
931 1761 988 1803 ut
1008 1754 1195 1801 tandem
1216 1769 1399 1802 annona
1420 1768 1589 1801 convas-

249 1812 400 1872 luit,‘
403 1816 662 1892 ‘impetum
677 1833 726 1866 se
738 1819 943 1881 cepisse,’
947 1819 1185 1878 'sci-ibit,‘
1188 1817 1588 1866 ‘frumentationes

250 1878 493 1940 publicas
478 1894 528 1927 ιιι
540 1890 812 1944 perpetuum
822 1882 1054 1943 abolendi,
1070 1881 1213 1945 quod,
1227 1897 1386 1929 earum
1398 1880 1587 1940 fiducia,

249 1942 437 1991 cultura
449 1960 664 2007 agrorum
686 1955 905 1995 cessaret.
931 1961 1082 2009 neque
1097 1954 1252 1992 tamen
1266 1944 1587 2007 perseverasse,

249 2007 368 2068 quia
388 2017 565 2057 certum
585 2009 786 2072 haberet,
808 2026 944 2087 posse
963 2025 1045 2072 per
1060 2010 1359 2057 ambitionem
1380 2007 1590 2070 quando-

247 2086 346 2134 que
366 2073 595 2121 restitui.”
632 2075 796 2139 Atque
814 2076 883 2123 ita
902 2074 1097 2137 posthac
1115 2088 1228 2120 rem
1236 2073 1521 2134 temperavit,
1537 2078 1594 2118 ut

248 2150 348 2183 non
368 2137 595 2185 minorem
615 2147 848 2188 aratorum
876 2155 933 2187 ac
960 2137 1314 2202 negotiantium,
1342 2150 1487 2198 quam
1506 2150 1593 2198 po-

247 2201 371 2263 puli,
397 2203 623 2250 rationem
642 2203 841 2252 duceret.

317 2263 461 2330 (43.)
499 2268 875 2329 Spectaculorum
905 2275 952 2315 et
983 2266 1268 2325 assiduitate,
1300 2272 1347 2312 et
1376 2249 1596 2311 varietate

244 2338 394 2393 atque
408 2330 770 2408 magnificentia,
785 2347 944 2380 omnes
958 2332 1213 2379 antecessit·
1259 2329 1440 2377 Fecisse
1460 2327 1597 2375 ludos

243 2410 315 2455 se,
342 2395 426 2454 ait,
451 2410 538 2442 suo
556 2396 744 2444 nomine
765 2405 957 2459 quaten
992 2411 1078 2459 pro
1101 2395 1207 2443 aliis
1229 2393 1594 2456 magistratibus,

248 2460 340 2521 qui
369 2467 455 2506 aut
483 2461 710 2520 aboesent,
741 2469 824 2509 aut
852 2476 948 2509 non
977 2460 1254 2537 sufficerent,
1280 2465 1350 2505 ter
1372 2465 1421 2504 et
1438 2458 1595 2505 vicies.

246 2522 478 2586 Fecitque
510 2538 848 2587 nonnunquam
880 2526 1023 2573 etiam
1055 2524 1261 2583 vicatim,
1296 2537 1352 2570 ac
1381 2521 1597 2585 pluribus

244 2589 418 2648 scenis,
443 2603 527 2650 per
546 2589 759 2636 omnium
778 2590 1045 2652 linguarum
1064 2588 1322 2636 histriones.
1377 2586 1598 2646 Munera,

250 2652 723 2716 noninforomodo,
747 2667 832 2703 nec
855 2652 1213 2716 amphitheatra,
1233 2651 1597 2764 sed3incircoet

1250 2729 1287 2764 e
