1950 3100
545 139 673 207 (v.)
734 139 1102 191 CLAUDIUS.
1171 141 1245 198 17.
1470 143 1555 192 181

231 267 459 319 Plancum
491 269 789 333 Paulumque
819 284 1054 328 censoresg
1099 268 1200 318 sed·
1216 268 1337 317 hanc
1373 284 1561 334 quoque

231 334 581 396 inaequabiliter,
606 336 825 397 varioque
845 343 892 382 et
910 336 1067 383 animo
1086 343 1133 382 et
1163 342 1344 381 eventu.
1410 334 1560 383 Reco-

235 400 435 461 gnitione
455 395 669 460 equitum
685 401 905 461 iuvenem
921 400 1077 461 probri
1093 399 1302 461 plenum,
1317 398 1398 445 sed
1419 413 1560 461 quem

233 471 359 523 pater
379 464 757 527 probatissimum
778 464 869 510 sibi
890 462 1163 523 affirmabat,
1187 462 1285 509 sine
1303 463 1563 525 ignominia

234 525 425 587 dimisit,
472 528 508 555 “
538 527 759 593 haberess’
802 526 973 588 dicens,
1022 529 1057 555 “
1089 528 1319 574 censorem
1367 530 1563 576 suum.”

233 590 417 650 Alium,
435 591 703 653 corruptelis
717 589 1047 653 adulteriisque
1061 590 1309 651 famosum,
1327 591 1447 638 nihil
1464 608 1564 640 am.

234 654 359 715 plius
378 669 524 717 quam
544 656 741 715 monuit,
762 656 797 682 “
810 663 865 702 ut
879 663 962 703 aut
982 655 1165 717 parcius
1188 655 1386 702 aetatulae
1405 656 1563 705 indul-

235 726 375 778 geret,
417 727 500 766 aut
535 727 653 766 certe
689 720 871 767 cautius
886 720 939 767 :⁹⁹
991 718 1290 782 addiditque:
1346 721 1382 748 “
1402 719 1564 779 Quare

233 796 476 894 3333
492 783 1284 909 ..mmmmm
1305 783 1465 909 „Em”
1437 799 1566 897 Ἓξ
1608 779 1613 790 “

235 918 407 971 notam,
433 912 470 939 “
492 911 659 958 Litura
678 913 886 972 tamen,”
908 912 1078 974 inquit,
1104 912 1139 940 “
1155 912 1353 957 exstet.”
1400 912 1566 973 Splen-

235 973 400 1021 didum
422 975 590 1034 virum,
616 976 899 1037 Graeciaeque
926 975 1175 1037 provincia
1193 974 1465 1036 principem,
1490 992 1568 1024 ve-

234 1053 339 1085 rum
362 1039 521 1086 Latini
541 1040 763 1088 sermonis
783 1040 1017 1101 ignarum,
1039 1053 1133 1086 non
1152 1038 1293 1085 modo
1313 1038 1420 1085 albo
1436 1041 1566 1101 Judi-

233 1116 343 1149 cum
363 1104 516 1163 erasit,
538 1103 619 1150 sed
634 1105 775 1150 etiam
789 1104 840 1149 in
859 1104 1229 1166 peregrinitatem
1242 1101 1431 1164 redegit.
1466 1103 1569 1153 Nec

232 1181 535 1229 quemquam,
558 1168 649 1215 nisi
670 1168 758 1215 sua
773 1182 898 1227 voce,
922 1175 1175 1229 utcumque
1192 1167 1298 1228 quis
1319 1175 1489 1228 posset,
1514 1184 1569 1217 ac

233 1232 332 1278 sine
352 1240 561 1293 patrono,
582 1233 805 1279 rationem
827 1233 936 1280 vitae
954 1246 1120 1293 passus
1140 1238 1210 1278 est
1228 1230 1426 1280 reddere.
1465 1233 1568 1281 No-

231 1296 445 1357 tavitque
458 1296 648 1372 multos,
663 1305 710 1343 et
724 1295 951 1358 quosdam
966 1296 1272 1371 inopinantes,
1288 1303 1335 1343 et
1348 1310 1408 1342 ex
1429 1297 1570 1347 causa

232 1360 746 1482 ῗέῗῑὲἓὲῗεὲίεὲὲἲῗ
760 1374 1141 1486 ,affixa
1161 1369 1569 1486 ἱῗᾋὲἶῗῗῒηῗέ

231 1488 356 1550 regis
375 1488 425 1534 in
446 1488 683 1550 provincia
701 1489 880 1550 fuisset,
902 1489 1113 1549 referens,
1136 1490 1371 1551 majorum
1391 1496 1569 1553 tempo-

229 1553 380 1611 ribus,
404 1553 599 1601 Rabirio
619 1553 862 1614 Postumo,
886 1553 1194 1601 Ptolemaeum
1213 1553 1568 1617 Alexandriam,

231 1616 396 1664 crediti
436 1617 649 1664 servandi
684 1618 841 1677 causa,
885 1625 1060 1678 secuto,
1099 1619 1357 1679 majestatis
1397 1620 1570 1666 crimen

231 1679 363 1742 apud
379 1680 559 1743 judices
579 1689 777 1729 motum.
811 1682 975 1729 Plures
997 1690 1153 1729 notare
1174 1690 1381 1742 conatus,
1399 1683 1573 1745 magna
1607 1701 1612 1705 ·

230 1745 566 1807 inquisitorum
595 1745 891 1808 negligentia,
915 1745 997 1792 sed
1018 1760 1104 1793 suo
1130 1746 1307 1806 maj0re
1334 1745 1569 1808 dedecore,

229 1809 451 1857 innoxios
472 1809 565 1856 fere
582 1812 765 1872 reperit,
788 1811 1163 1872 quibuscumque
1184 1808 1467 1869 coelibatum,
1490 1819 1574 1858 aut

231 1874 497 1934 orbitatem,
521 1881 603 1920 aut
623 1882 871 1936 egestatem
898 1874 1133 1935 objiceret,
1166 1872 1374 1931 maritos,
1401 1881 1571 1934 patres,

230 1937 481 1999 opulentos
511 1953 559 1985 se
586 1939 921 2000 probantibus3
957 1951 1013 1984 eo
1044 1935 1250 1999 quidem,
1272 1937 1359 1997 qui
1387 1937 1575 1987 sibimet

230 2003 335 2049 vim
356 2001 476 2048 ferro
495 2002 705 2049 intulisse
725 2003 1019 2064 arguebatur,
1041 2000 1242 2048 illaesum
1262 2013 1427 2061 corpus
1449 2009 1575 2049 veste

226 2065 448 2127 deposita
467 2073 736 2114 ostentante.
791 2066 1002 2113 Fuerunt
1020 2072 1067 2111 et
1086 2064 1171 2110 illa
1190 2066 1241 2111 in
1261 2063 1452 2112 censura
1471 2067 1575 2127 ejus

228 2128 481 2187 notabilia,
514 2129 641 2191 quod
673 2129 886 2178 essedum
916 2136 1200 2191 argenteum,
1234 2135 1473 2175 sumtuose
1504 2128 1575 2177 fa-

229 2194 485 2253 bricatum,
509 2208 563 2240 ac
583 2195 742 2242 venale
763 2194 823 2241 ad
843 2193 1094 2255 Sigillaria,
1118 2192 1284 2239 redimi
1305 2191 1575 2254 concidique

229 2272 413 2317 coram,
435 2257 711 2321 imperavit;
748 2257 967 2320 quodque
997 2271 1093 2305 uno
1122 2255 1199 2303 die
1229 2255 1397 2317 viginti
1428 2256 1578 2304 edicta

225 2321 507 2385 proposuit:
542 2323 661 2368 inter
686 2337 795 2384 quae
821 2321 933 2382 duo,
957 2335 1159 2384 quorum
1187 2320 1330 2368 altero
1358 2318 1576 2368 admone-

227 2388 335 2444 bat,
364 2386 401 2414 ‘⁶
421 2393 478 2432 ut
504 2387 636 2433 uberi
655 2388 894 2434 vinearum
913 2393 1139 2449 proventu
1167 2386 1283 2432 bene
1303 2383 1431 2431 dolia
1447 2385 1576 2447 pica-

225 2457 401 2497 rentur
414 2451 469 2506 3⁹⁹
502 2450 660 2510 altero,
687 2452 721 2479 “
734 2450 854 2497 nihil
875 2465 1008 2513 aeque
1022 2450 1168 2496 facere
1190 2435 1253 2496 ad
1270 2448 1439 2510 viperae
1453 2462 1576 2495 mor-

218 2528 361 2572 sum,
385 2529 533 2576 quam
554 2516 655 2562 taxi
674 2516 849 2563 arboris
870 2514 1115 2562 succum.”
1500 2533 1506 2540 ·

299 2576 323 2641 (
343 2576 447 2641 17.)
471 2578 833 2641 Expeditionem
849 2593 993 2627 unam
1014 2578 1204 2626 omnino
1218 2577 1437 2640 suscepit,
1454 2590 1578 2625 enm.

1279 2653 1317 2688 n
