1950 3100
683 159 862 208 VITA
894 157 1224 208 HORATII.
1528 154 1625 210 327

279 284 367 333 tibi
403 286 584 350 aliquid
613 287 735 349 juris
763 286 892 348 apud
920 301 1015 347 me,
1049 294 1293 348 tamquam
1324 282 1367 330 si
1394 280 1627 330 convictor

280 349 400 398 mihi
435 350 609 400 fuerist
652 357 771 398 recte
813 351 955 411 enim,
1001 357 1049 396 et
1087 363 1181 396 non
1223 357 1392 396 temere
1434 345 1624 405 ἡσθείη

283 416 506 476 quoniam
528 415 578 462 id
599 414 712 462 ussss
732 413 853 461 mihi
872 422 1028 461 tecum
1050 428 1147 461 esse
1171 413 1317 474 volui,
1341 413 1382 459 si
1505 408 1628 457 vale-

282 479 496 527 tudinem
517 487 651 526 tuam
670 478 771 526 fieri
789 479 987 540 possit.”
1033 478 1101 525 Et
1119 491 1276 525 rursus
1291 494 1306 525 ε
1334 478 1371 505 “
1442 475 1494 522 ui
1510 489 1628 537 qua<-

280 541 378 589 lem
397 543 599 590 habeam
620 543 908 601 memoriam,
926 542 1099 604 poteris
1121 555 1181 586 ex
1194 540 1419 602 Septimio
1441 550 1629 602 quoque

285 615 443 655 nostro
462 605 619 655 audire
634 623 649 654 ε
685 621 797 653 nam
808 606 989 667 incidit,
1007 613 1062 652 ut
1080 604 1163 651 illo
1183 619 1337 652 coram
1356 604 1483 651 fieret
1502 618 1531 652 a
1550 617 1629 650 me

289 670 363 718 tui
381 670 571 718 mentio.
636 670 688 718 N
744 685 822 729 ue,
853 671 894 718 si
918 678 971 717 tu
1003 670 1229 731 superbus
1250 667 1503 714 amicitiam
1523 680 1631 715 nos-

288 740 411 780 tram
442 734 669 796 sprevisti,
688 685 797 781 {geo
822 747 908 781 nos
939 748 1129 797 quoque
1148 731 1630 793 avfivmpnooevovmvss’

292 797 534 857 Praeterea‚
558 813 695 860 soepe,
717 798 835 845 inter
854 798 970 845 alios
992 800 1139 860 Jocos,
1166 796 1201 824 ⁶⁶
1223 794 1528 856 putissimum
1548 808 1630 856 pe-

290 862 454 921 nem,”
483 869 530 909 et
552 861 956 910 “homuncionem
976 858 1372 924 lepidissimum‚”
1395 857 1600 919 appellat
1613 876 1629 907 ε

293 925 484 1036 ιωίᾶιιιο
516 933 564 973 et
596 925 740 973 altera
770 926 1045 973 liberalitate
1073 922 1390 987 locupletavit.
1451 921 1635 983 Scripta

294 989 381 1051 qui
413 1002 488 1037 em
507 992 610 1052 ejus
636 1004 788 1052 usque
816 989 931 1037 adeo
950 988 1180 1052 probavit,
1201 999 1513 1047 mansuraque

293 1060 436 1115 petuo
466 1057 684 1116 opinatus
713 1062 799 1116 est,
830 1062 888 1100 ut
918 1068 1013 1101 non
1042 1051 1184 1100 modo
1213 1052 1249 1079 ‘⁶
1269 1049 1499 1098 Saeculare
1562 1063 1635 1097 ar-

293 1119 436 1164 men”
458 1132 563 1165 com
623 1118 829 1166 umidum
854 1118 1127 1180 injunxerit,
1160 1114 1242 1163 sed
1270 1122 1317 1162 et
1336 1112 1634 1162 vindelicam

295 1180 536 1229 victoriam
615 1182 749 1229 iberii
778 1182 1018 1244 Drusique
1047 1181 1398 1244 privignorum:
1419 1192 1636 1240 -eumque

296 1247 512 1308 coegerit,
556 1252 741 1308 propter
779 1246 884 1307 hoc,
923 1246 1072 1292 tribus
1108 1244 1368 1292 carminum
1407 1240 1540 1290 libris
1575 1256 1636 1289 ex

295 1309 437 1373 longo
477 1309 717 1358 intervallo
760 1319 981 1374 quartum
1025 1309 1216 1356 adderes
1258 1314 1366 1369 post
1396 1305 1638 1355 Sermones

297 1389 484 1437 quoque
516 1374 674 1435 lectos,
709 1375 892 1423 nullam
922 1375 998 1422 sui
1025 1374 1306 1421 mentionem
1333 1370 1638 1419 habitam-ita

297 1440 360 1487 sit
388 1448 579 1502 questus
593 1458 608 1487 ι
648 1440 683 1466 ⁶⁶
703 1439 850 1488 Irasci
883 1454 961 1487 me
999 1439 1085 1487 tibi
1119 1438 1249 1498 scito,
1285 1434 1413 1499 quod
1442 1450 1552 1497 non,
1588 1436 1640 1483 in

297 1502 530 1568 plerisque
551 1504 784 1567 ejusmodi
804 1504 1001 1568 scriptis,
1033 1517 1218 1552 mecum
1250 1501 1550 1565 potissimum
1569 1499 1640 1549 lo-

300 1570 475 1630 quaris.
506 1569 591 1617 An
613 1571 794 1629 vereris,
815 1584 875 1616 ne
894 1570 1021 1632 apud
1041 1576 1245 1632 posteros
1261 1567 1350 1614 tibi
1364 1565 1538 1614 infame
1561 1566 1638 1626 sit,

299 1633 427 1693 quod
460 1633 657 1681 videaris
688 1633 930 1680 familiaris
947 1635 1093 1682 -nobis
1121 1646 1218 1680 esse
1233 1631 1293 1678 ?’'
1325 1630 1641 1694 expressitque

302 1696 527 1760 eclogam,
551 1698 687 1757 cujus
707 1698 896 1744 initium
916 1705 1003 1756 est,

369 1823 406 1851 ‘⁶
428 1822 553 1871 Cum
572 1828 644 1868 tot
664 1823 890 1870 sustineas
911 1830 958 1870 et
977 1829 1108 1869 tanta
1128 1820 1315 1884 negotia
1334 1819 1481 1882 solus,

368 1886 466 1934 Res
488 1884 635 1933 Italas
656 1886 796 1933 armis
817 1887 996 1946 tuteris,
1019 1885 1228 1932 moribus
1247 1898 1395 1943 omes,

474 1949 578 1997 'bus
598 1948 840 2008 emendes3
875 1951 926 1996 in
946 1949 1139 2012 publica
1158 1947 1401 1996 commoda
1420 1961 1622 2011 peccem,

370 2014 425 2062 Si
605 2027 811 2061 sermone
829 2028 980 2061 morer
999 2021 1082 2060 tua
1102 2020 1325 2076 tempora,
1351 2011 1555 2060 Caesarss’

307 2141 535 2191 Horatius
555 2140 720 2190 habitu
741 2141 942 2204 corporis
960 2141 1114 2190 brevis
1135 2139 1244 2199 fuit,
1278 2148 1420 2202 atque
1447 2140 1613 2188 obesus
1628 2161 1644 2192 ε

308 2207 463 2272 qualis
498 2222 529 2254 a
558 2221 607 2254 se
626 2207 730 2269 ipso
754 2214 801 2254 et
828 2207 878 2253 in
900 2206 1063 2255 Satiris
1084 2204 1371 2265 describitur,
1394 2210 1441 2250 et
1460 2206 1520 2252 ab
1542 2205 1650 2253 Au.

399 2281 448 2320 to
483 2271 572 2319 hac
609 2270 830 2333 epistolaz
870 2272 907 2299 ⁶⁶
927 2269 1130 2317 Pertulit
1170 2268 1231 2315 ad
1272 2282 1348 2315 me
1391 2266 1652 2331 Dionysius

334 2337 526 2385 'bellum
546 2343 700 2397 tuum,
724 2349 865 2398 quem
886 2350 989 2398 ego,
1018 2332 1096 2395 [ut
1111 2347 1323 2383 accusem
1339 2333 1427 2396 te,]
1453 2344 1654 2396 quantu.

309 2401 587 2463 luscumque
619 2407 704 2461 est,
738 2400 852 2447 boni
879 2399 1083 2447 consulo.
1147 2396 1309 2447 Vereri
1341 2404 1499 2444 autem
1533 2398 1655 2447 mihi

311 2465 496 2526 videris,
531 2478 591 2511 ne
628 2466 825 2527 majores
856 2463 1007 2513 libelli
1038 2464 1109 2512 tui
1141 2463 1251 2524 sint,
1286 2475 1432 2524 quam
1459 2462 1559 2523 ipse
1590 2479 1654 2512 es.

310 2529 421 2590 Sed,
451 2530 493 2578 si
524 2526 612 2576 tibi
644 2535 820 2576 statiua
850 2528 993 2589 deest,
1031 2525 1358 2590 corpusculum
1390 2538 1485 2573 non
1515 2525 1657 2577 deest.

310 2592 482 2657 Itaque
516 2592 674 2641 licebit
700 2593 752 2640 ln
779 2593 1027 2642 sextariolo
1056 2592 1258 2642 scribasz
1295 2604 1405 2639 cum
1436 2589 1655 2642 circuitus

307 2656 561 2707 voluminis
587 2658 660 2706 tui
691 2658 755 2708 sit
781 2659 1120 2723 ογκωδεστατος,
1154 2657 1275 2707 sicut
1307 2662 1380 2705 est
1415 2657 1658 2706 ventriculi
