1950 3100
504 164 648 233 (x.)
696 164 1189 219 VESPASIANUS*
1252 168 1333 218 23.
1485 165 1583 226 277

253 293 355 342 ullo
400 292 606 356 tempore
645 294 826 342 facilior
874 303 959 343 aut
999 295 1313 359 indulgentior
1351 295 1580 344 traditum

252 372 401 420 eaque
431 367 669 406 momenta
702 360 959 420 domestici,
992 359 1053 408 ad
1089 361 1269 424 aliquid
1310 360 1581 426 petendum,

253 436 425 484 magno
481 426 530 469 re
550 425 814 485 captabant.

321 485 433 551 (22.
489 487 559 535 Et
589 502 727 551 super
756 500 932 535 coenam
968 494 1141 548 autem,
1174 497 1220 537 et
1255 498 1435 553 semper
1465 487 1583 537 alias

255 552 676 613 mmmunissimus,
698 553 850 600 multa
865 556 972 615 joco
992 554 1287 615 transigebat.
1318 555 1433 601 Erat
1454 553 1581 601 enim

250 613 510 663 dicacitatis
530 615 757 677 plurimae,
780 625 827 664 et
846 616 912 665 sic
931 616 1134 664 scurrilis
1150 633 1203 665 ac
1223 617 1431 680 sordidae,
1448 625 1505 665 ut
1523 631 1584 664 ne

253 681 540 742 praetextatis
575 678 765 742 quidem
807 681 957 729 verbis
1000 682 1261 729 abstineret.
1324 683 1393 729 Et
1426 686 1582 729 tamen

253 743 482 791 nonnulla
503 746 606 806 ejus
617 745 896 794 facetissima
914 753 1123 794 exstante
1148 746 1200 792 in
1222 746 1394 808 quibus
1408 746 1581 794 ethaec.

254 807 509 855 Mestrium
541 809 750 871 Florum,
780 811 1084 870 consularem,
1120 810 1385 858 admonitus
1417 812 1477 857 ab
1511 823 1583 870 eo,

250 872 296 912 .·-“
316 871 560 933 plaustra'’
592 875 749 936 potius
775 890 919 938 quam
950 875 987 904 ‘⁶
1006 874 1221 938 plostra'’·
1236 873 1444 935 dicenda,
1473 886 1583 935 pos-

250 943 354 983 tero
372 935 448 984 die
472 939 508 966 “
528 938 789 986 Flaurum”
812 940 1046 988 salutavit.
1091 940 1407 1002 Expugnatus
1427 945 1584 984 autem

257 1015 289 1047 a
323 1001 545 1062 quadam,
585 1003 721 1066 quasi
761 1018 919 1051 amore
952 1004 1028 1051 sui
1062 1003 1300 1067 deperiret,
1340 1016 1449 1050 cum
1481 1014 1585 1062 per-

254 1063 412 1113 ductae
469 1081 522 1114 ro
548 1068 797 1115 concubitu
828 1066 1034 1115 sestertia
1060 1067 1397 1131 quadringenta
1417 1063 1585 1112 donas-

257 1136 359 1186 set;
505 1138 667 1177 onente
688 1131 1015 1193 dispensatore,
1038 1129 1435 1196 quemadmodum
1455 1136 1585 1176 sum-

254 1197 384 1239 mam
397 1195 653 1242 rationibus
664 1195 803 1242 vellet
813 1195 987 1256 inferri,
1004 1197 1039 1224 ‘⁴
1054 1195 1393 1259 Vespasiano,”
1414 1193 1587 1256 inquit,

257 1258 296 1285 “
316 1256 585 1304 adamato.”

325 1318 466 1397 (23.)
496 1320 731 1369 Utebatur
763 1330 810 1369 et
854 1323 1068 1372 versibus
1101 1324 1277 1374 Graecis
1316 1322 1587 1388 tempestive

255 1392 389 1444 saus,
411 1392 467 1432 ut
487 1384 545 1432 de
567 1385 771 1449 quodam
791 1399 990 1449 precem
1012 1396 1214 1452 staturae,
1236 1390 1588 1455 improbiusque

257 1457 400 1501 natoz
894 1482 897 1485 -

397 1553 557 1609 Μακρα
578 1545 727 1605 βιβας,
752 1545 942 1609 κραδαων
963 1546 1233 1615 δολιχοσκιου
1254 1565 1404 1615 αγχος·

263 1650 312 1689 et
331 1640 390 1688 de
412 1641 579 1689 Cerulo
598 1641 779 1701 liberto,
810 1642 910 1705 qui,
941 1642 1071 1691 dives
1091 1644 1359 1705 admodum,
1387 1646 1449 1693 ob
1476 1646 1590 1694 sub·

262 1704 608 1768 terfugiendum
629 1706 911 1769 quandoque
935 1709 1017 1769 jus
1040 1707 1157 1768 fisci,
1187 1709 1444 1770 ingenuum
1467 1725 1517 1758 se
1545 1717 1592 1766 et

265 1769 519 1819 Lachetem
543 1777 724 1818 mutato
757 1770 944 1818 nomine
975 1779 1171 1833 coeperat
1197 1771 1329 1831 ferre5
1365 1779 1402 1817 α
1424 1785 1591 1837 Λαχης,

265 1844 439 1895 Auxiu,
477 1852 582 1879 επαι
618 1838 852 1899 «resume,
889 1838 1011 1888 αυθις
1048 1836 1235 1898 εξαρχης
1277 1851 1357 1902 εσῃ
1382 1843 1591 1895 Κηρυλος.

252 1897 483 1946 ὢῙωιίωε
517 1904 672 1945 tamen
703 1898 994 1946 dicacitatem
1027 1898 1269 1946 affectabat
1303 1899 1354 1945 in
1375 1897 1593 1946 deformi.

258 1964 353 2011 bus
374 1960 530 2022 lucris,
554 1970 609 2009 ut
634 1962 862 2011 invidiam
889 1963 1051 2025 aliqua
1075 1962 1362 2012 cavillatione
1382 1963 1592 2025 dilueret,

264 2025 616 2089 transferretque
636 2026 697 2073 ad
716 2027 848 2076 sales.
882 2027 1153 2087 Quemdam
1169 2042 1194 2074 e
1215 2028 1331 2075 caris
1350 2028 1592 2091 ministris,

263 2089 652 2152 dispensationem
668 2091 871 2151 cuidam,
894 2092 1031 2154 quasi
1050 2091 1197 2152 fratri,
1213 2099 1459 2153 petentem,
1484 2105 1593 2140 cum

262 2153 537 2216 distulisset,
560 2156 718 2217 ipsum
740 2156 1039 2204 candidatum
1060 2156 1121 2203 ad
1142 2172 1191 2204 se
1210 2157 1422 2213 vocavit;
1456 2172 1593 2205 exaca

261 2218 405 2280 taque
441 2221 654 2281 pecunia,
694 2228 919 2282 quantam
953 2221 995 2268 is
1030 2235 1138 2269 cum
1173 2219 1473 2283 suffragatore
1510 2224 1597 2269 suo

263 2282 516 2345 pepigerat,
547 2285 646 2331 sine
675 2285 806 2333 mora
825 2285 1070 2333 ordinavit.
1133 2284 1455 2347 Interpellanti
1479 2297 1595 2333 mox

265 2348 495 2408 ministro,
521 2348 741 2396 “Alium
762 2350 903 2409 tibi‚'’
925 2351 1008 2411 ait,
1034 2347 1070 2379 “
1086 2362 1240 2414 quaere
1258 2349 1474 2397 statam:
1498 2349 1593 2410 hic,

264 2425 408 2473 quem
429 2420 566 2459 tuum
585 2422 742 2491 putas,
766 2419 900 2461 meus
919 2415 1041 2462 est.'’
1079 2414 1345 2462 Mulionem
1365 2411 1597 2491 initinere

261 2474 1054 2635 immigigssmmffpamfluq
1054 2477 1594 2632 &affidssffi

258 2610 597 2731 amu.
641 2606 1283 2748 meamne
1306 2686 1372 2786 ξι
1437 2613 1601 2721 zm

1366 2749 1400 2785 B
