1950 3100
500 144 660 210 (111.)
725 145 1073 197 rmnnms.
1143 115 1217 198 192
1467 151 1558 198 ιοο

369 284 430 321 ue
442 272 670 322 Noricum
684 283 733 322 et
747 275 999 323 Thraciam
990 275 1409 352 &Macedonium
1419 278 1558 325 inter·

210 352 315 399 que
408 337 635 385 anubium
666 338 840 386 flumen
883 347 930 385 et
963 340 1119 387 sinum
1153 340 1298 389 maris
1328 340 1558 389 Adriatici

212 409 362 464 patet,
508 401 669 462 cinito,
702 410 749 449 ct
769 403 820 448 in
839 402 1064 450 ditionem
1084 404 1280 452 redacto.
1359 435 1369 443 -

283 464 394 528 (17.
454 464 547 514 Cui
566 436 725 527 glor'iae
746 466 945 527 amplior
965 465 1119 515 adhuc
1138 482 1200 514 ex
1219 448 1560 530 opportunitate

214 528 439 577 cumulus
475 529 675 577 accessit.
731 530 877 590 Nam,
900 532 991 578 sub
1011 530 1062 577 id
1078 530 1169 577 fere
1184 540 1384 594 tempus,
1402 532 1559 592 Quin-

208 592 351 640 tilius
393 592 551 641 Varus
584 608 693 641 cum
727 595 877 641 tribus
916 593 1178 657 legionibus
1213 596 1264 642 in
1308 597 1560 646 Germanii

213 656 386 718 petiitg
436 657 618 705 nemine
653 656 909 718 dubitante,
943 659 1062 720 quin
1105 659 1298 707 victores
1336 659 1558 708 Germani

210 720 424 782 iuncturi
445 735 494 769 se
514 720 766 770 Pannoniis
793 721 981 784 fixerint,
1014 723 1106 771 nisi
1126 723 1408 772 debellatum
1427 725 1557 787 prius

210 737 467 846 ’Illyricum
487 794 619 833 esset.
684 785 819 845 Quas
839 788 986 834 chres
1007 786 1273 850 triumphus
1292 789 1335 836 ei
1350 787 1556 837 decretus

215 856 304 908 est,
335 848 567 911 multique
586 858 633 897 et
655 850 814 912 magni
835 850 1043 898 honores.
1108 850 1398 900 Censuerunt
1416 852 1557 901 etiam

214 911 430 975 quidam,
475 922 531 961 ut
571 914 974 975 “Pannonicus,”
1008 914 1106 973 alii,
1139 919 1245 962 ut‘
1230 917 1265 944 ‘⁶
1293 915 1557 975 Invictus,'‘

214 976 451 1038 nonnulli,
482 985 538 1025 ut
573 979 609 1006 ‘⁶
631 978 781 1027 Pius'’
805 978 1215 1040 cognominaretur.
1289 977 1559 1028 Scddeco-

215 1041 437 1102 gnomine
479 1041 728 1091 intercessit
768 1042 820 1090 A
820 1050 1037 1105 ugustus,
1086 1057 1142 1090 eo
1188 1050 1456 1091 contentum
1488 1058 1558 1090 re-

212 1105 506 1242 {3⁶3le
548 1106 844 1219 quod'dmmh
716 1121 774 1182 ‘se
810 1058 1045 1168 defuncto,
1088 1113 1383 1169 suscepturus
1425 1115 1557 1155 esset.

265 1183 424 1231 nump
390 1168 661 1231 phumipse
680 1169 880 1231 dismlit,
913 1169 1556 1219 moestaeivitaoecladeva-

426 1232 749 1282 Nihilominus
784 1234 963 1282 Urbem
994 1243 1294 1297 pretextatus
1324 1243 1372 1285 et
1398 1235 1558 1284 laurea

214 1305 463 1344 coronatus
495 1297 718 1356 intravit3
753 1300 1054 1361 positumque
1077 1299 1128 1346 in
1147 1299 1300 1362 Septis
1332 1299 1554 1360 tribunal,

215 1368 384 1408 senatu
414 1360 639 1422 adstante,
673 1362 951 1423 conscendit,
985 1378 1041 1411 ae
1077 1363 1260 1411 medius
1292 1364 1413 1412 inter
1438 1364 1557 1412 duos

219 1423 432 1473 consules
466 1439 575 1473 cum
600 1425 825 1488 Augusto
854 1426 998 1474 simul
1026 1427 1174 1486 sedit·
1207 1427 1347 1489 unde,
1380 1427 1558 1492 populo

214 1487 522 1552 consalutato,
557 1490 730 1538 circum
750 1491 926 1554 templa
944 1490 1171 1541 deductus
1191 1500 1274 1540 cst.

280 1552 423 1631 118.)
474 1554 698 1603 Proximo
745 1569 870 1603 anno
916 1557 1112 1618 repetita
1146 1556 1413 1634 (la-mania,
1447 1571 1556 1606 cum

216 1618 611 1680 animadverteret,
627 1618 883 1669 Varianam
903 1620 1082 1669 cladem
1103 1623 1356 1670 temeritate
1376 1629 1424 1669 et
1444 1635 1555 1685 neg-

214 1682 412 1745 ligenna
442 1682 579 1732 ducis
606 1683 841 1743 accidisse,
880 1684 999 1734 nibil
1027 1699 1122 1734 non
1149 1684 1207 1733 de
1241 1684 1420 1734 consilii
1453 1700 1555 1733 scn-

216 1747 363 1795 tentia
382 1747 492 1810 egit.
556 1748 749 1811 Semper
766 1748 882 1797 alias
903 1749 977 1797 sui
999 1750 1190 1812 arbitrii,
1223 1757 1557 1811 contentusque

216 1826 266 1858 se
286 1826 402 1873 nno,
433 1819 562 1873 tunc,
598 1819 762 1888 prater
780 1813 1175 1872 consuetudinem,
1210 1829 1320 1862 cum
1343 1812 1557 1875 pluribus

215 1874 275 1923 de
316 1876 493 1924 ratione
531 1875 646 1924 belli
693 1878 1065 1927 communicavit.
1153 1875 1329 1925 Curam
1369 1890 1557 1939 quoque

214 1939 353 1988 solito
373 1940 651 1988 exactiorem
686 1941 915 2005 prestitit.
982 1941 1284 2004 Trajecturus
1315 1937 1553 2000 Rhenum,

215 2006 814 2066 commeammomuenuad
827 2003 1257 2056 certamformulam
1267 2002 1553 2064 adstrictum,

213 2083 310 2116 non
330 2076 438 2117 ante
465 2069 731 2129 transmisit,
766 2085 927 2132 quam,
831 2069 1209 2130 umconsistens
1230 2066 1358 2131 apud
1386 2067 1554 2128 ripam,

215 2132 503 2197 explorasset
517 2132 835 2182 vehiculorum
849 2148 1004 2195 onera,
1018 2148 1077 2180 ne
1089 2147 1184 2195 qua
1463 2137 1553 2191 mr,

214 2196 566 2274 nisioqnccssa,
599 2198 977 2248 autnecessaria.
1030 2196 1254 2247 TransR
1345 2209 1557 2244 umvero

214 2275 330 2310 eum
349 2261 459 2310 vitae
480 2261 687 2311 ordinem
708 2263 874 2324 tenuit,
890 2271 947 2311 ut
967 2260 1164 2312 sedens
1149 2275 1200 2309 m
1222 2260 1405 2322 caespite
1429 2257 1557 2312 nudo

213 2325 378 2373 cibum
399 2334 594 2388 caperet,
627 2341 749 2389 soepe
771 2327 869 2375 sine
894 2326 1087 2375 tentorio
1108 2331 1406 2387 pernoctaret,
1438 2337 1555 2399 praf-

215 2397 352 2451 cepta
367 2391 602 2453 sequentis
623 2390 714 2439 diei
729 2391 903 2450 omnia,
926 2400 973 2439 et
995 2391 1037 2439 si
1051 2388 1166 2453 quid
1188 2388 1333 2437 subiti
1353 2387 1557 2434 muneris

204 2453 558 2516 injungendum
579 2463 713 2516 esset,
745 2469 827 2518 per
861 2456 1045 2503 libellos
1066 2454 1232 2511 ‹lar-ct,¹
1257 2451 1418 2500 addita
1453 2465 1555 2498 mo-

212 2517 407 2578 nitione,
440 2527 511 2578 ut,
544 2517 603 2566 de
624 2532 720 2581 quo
754 2520 953 2582 quisque
971 2519 1221 2596 dubitaret,
1260 2531 1324 2576 se,
1358 2530 1442 2563 nec
1463 2515 1556 2564 alio

208 2581 310 2629 inte
310 2590 542 2645 rprete,q
509 2583 808 2646 quacumque
828 2584 903 2632 vel
921 2584 1071 2634 noctis
1089 2582 1219 2642 hora,
1243 2588 1457 2629 uteretur.

276 2645 417 2711 (19.)
465 2645 778 2712 Disciplinam
813 2649 1029 2697 acerrime
1065 2647 1234 2709 exegit,
1269 2644 1556 2694 animadver-

1334 2723 1366 2757 1.
