1950 3100
637 117 851 185 (vm.)
914 118 1133 167 οΤιιο.
1199 120 1247 167 s.
1517 120 1612 174 247
1716 180 1723 186 ,

266 246 593 310 eognominem
624 247 727 295 sibi.
795 247 934 296 Tulit
963 256 1009 295 et
1036 247 1199 307 filiam,
1222 260 1382 309 quam,
1407 246 1604 295 vixdum

267 312 495 370 nubilem,
519 310 692 373 Druso,
716 312 981 361 Germanici
1001 311 1115 372 filio,
1138 309 1397 376 despondit.

336 374 445 440 (2.)
478 374 609 424 Otho
640 374 895 439 Imperator
929 375 1005 424 IV
1028 374 1257 424 Calendas
1285 375 1443 423 Maias
1464 385 1601 424 natus

263 447 353 500 est,
391 439 595 488 Camillo
626 440 870 501 Arruntio,
902 440 1114 488 Domitio
1146 439 1448 500 Αόιιοὶιιιιῑιο,
1493 454 1602 489 eon-

266 503 466 551 sulibus.
520 504 571 551 A
592 505 746 567 prima
765 505 1072 553 adolescentia
1090 503 1313 567 prodigus
1334 519 1388 551 ac
1408 519 1598 572 procax,

264 567 383 616 adeo
403 576 460 615 ut
481 582 603 631 saepe
623 568 778 631 flagris
807 571 1130 632 objurgaretur
1149 584 1180 616 a
1202 568 1598 631 pan-e.1·'ereba-

265 639 346 678 tur
388 640 435 679 et
474 633 632 694 vagari
673 635 885 682 noctibus
923 633 1110 695 solitus,
1153 639 1295 694 atque
1335 632 1597 681 invalidum

333 711 500 759 emque
534 698 777 745 obviorum
811 699 887 746 vel
915 698 1211 760 potulentum
1246 697 1482 759 corripere,
1523 714 1594 760 ac,

261 710 677 874 ffifflfflm
630 763 798 825 m...
675 761 1213 888 ffimfflflffi
1229 762 1597 889 mzmffl‘,

1109 840 1138 872 a
1206 839 1309 872 cam

259 838 358 949 εἷο
371 888 599 938 efficacius
612 890 790 951 coleret,
802 892 942 938 etiam
950 890 1141 951 diligere
1154 840 1458 952 simulaglrgq
1458 905 1591 937 uam-

261 953 336 999 vis
355 967 515 1013 anum,
538 969 593 1001 ac
613 968 744 1016 paene
764 954 1058 1017 decrepitam.
1091 954 1183 1001 Per
1195 951 1316 1000 hanc
1324 953 1591 1003 insinuatus

257 1015 453 1077 Neroni,
478 1016 613 1065 facile
642 1033 883 1066 summum
911 1019 1030 1064 inter
1057 1017 1231 1064 amicos
1260 1014 1417 1066 locum
1442 1019 1592 1066 tenuit

255 1082 556 1143 congruentia
595 1096 796 1141 morum,
841 1090 897 1129 ut
929 1095 1037 1129 vero
1070 1079 1266 1142 quidam
1302 1080 1506 1142 tradunt,
1545 1090 1593 1138 et

255 1144 587 1193 consuetudine
606 1146 762 1194 mutui
787 1145 960 1208 stupri.
998 1158 1053 1192 ac
1075 1151 1259 1191 tantum
1279 1145 1488 1205 potentii,
1508 1161 1588 1196 va-

250 1207 362 1267 luit,
379 1218 435 1257 ut
453 1209 728 1258 damnatum
746 1209 1013 1286 repetundis
1027 1207 1529 1271 consularemviruuu·
1514 1225 1586 1264 m-

249 1287 367 1335 gens
391 1276 644 1336 praemium
675 1283 857 1337 pactus,
895 1273 1028 1337 prius
1058 1287 1203 1355 quam
1219 1272 1372 1350 ‚plane
1401 1275 1585 1323 restitu-

250 1337 428 1384 tionem
448 1339 491 1385 ei
512 1340 815 1416 impetrasset,
841 1354 939 1388 non
969 1337 1230 1387 dubitarit
1215 1352 1265 1384 ιιι
1288 1346 1500 1387 senatum
1521 1340 1582 1387 ad

247 1402 453 1463 agendas
474 1404 644 1465 gratias
662 1403 960 1452 introducere.

314 1464 420 1542 (3.)
452 1467 682 1515 Omnium
710 1477 867 1516 autem
886 1467 1192 1517 consiliorum
1213 1476 1580 1533 secretorumque

241 1530 488 1594 particeps,
513 1532 604 1594 die,
622 1547 762 1595 quem
782 1533 999 1582 necandae
1018 1534 1156 1581 matri
1176 1533 1305 1581 Nero
1325 1533 1580 1583 destinave-

235 1603 333 1654 rat,
368 1595 429 1643 ad
461 1597 725 1644 avertendas
754 1598 1052 1659 suspiciones,
1076 1613 1252 1645 coenam
1281 1600 1465 1661 utrique
1497 1615 1579 1646 ex-

241 1659 564 1721 quisitissimae
591 1662 821 1708 comitatis
849 1661 992 1708 dedit.
1058 1660 1181 1708 Item
1209 1662 1464 1725 Poppaeam
1493 1664 1578 1711 Sa-

242 1724 425 1784 binam,
451 1731 562 1771 tunc
590 1723 742 1771 adhuc
763 1725 960 1771 amicam
981 1726 1099 1784 ejus,
1123 1724 1371 1772 abductam
1392 1726 1576 1788 marito,

239 1786 664 1863 demandatamque
691 1788 875 1834 interim
897 1788 1005 1848 sibi,
1036 1789 1306 1849 nuptiarum
1335 1790 1578 1849 speciete-

242 1852 384 1914 cepit.
429 1849 480 1896 N
481 1865 532 1896 ec
552 1850 806 1912 corrupisse
827 1859 1083 1908 contentus,
1106 1850 1222 1898 adeo
1241 1850 1422 1911 dilexit,
1444 1862 1500 1901 ut
1519 1867 1578 1901 ne

240 1914 439 1963 rivalem
460 1913 651 1976 quidem
673 1914 908 1961 Neronem
927 1928 1064 1976 aequo
1085 1914 1243 1962 tulerit
1262 1915 1430 1962 animo.
1466 1916 1576 1964 Cre-

238 1979 372 2027 ditur
405 1986 522 2026 certe
552 1992 646 2025 non
676 1977 817 2026 modo
846 1979 1014 2025 missos
1045 1977 1106 2024 ad
1138 1978 1451 2026 arcessendam
1482 1994 1575 2028 non

237 2041 769 2168 ἒὲἓῗέἆῖῗᾱὲἶῃέεωΡ“““,
761 2041 1578 2168 ffitssssssssssfflffinfflaepss

234 2187 412 2236 preces,
436 2187 491 2220 ac
510 2172 773 2235 depositum
796 2177 1151 2233 reposcentem.
1187 2168 1362 2231 Quare,
1385 2170 1575 2222 diducto

236 2237 549 2298 matrimonio,
717 2236 809 2284 tus
838 2243 907 2283 est
934 2249 1017 2298 per
1036 2249 1224 2282 causam
1248 2234 1491 2297 legationis
1522 2237 1573 2286 in

237 2300 554 2349 Lusitaniam.
596 2300 622 2347 1
674 2301 786 2349 satis
802 2300 972 2360 visum,
991 2314 1049 2347 ne
1063 2298 1358 2362 poenaaerior
1370 2300 1572 2348 mimum

236 2380 426 2415 omnem
454 2364 744 2442 divulgaret,
781 2365 866 2427 qui
896 2373 1054 2412 tamen
1082 2364 1150 2412 sic
1178 2377 1365 2427 quoque
1391 2363 1480 2412 hoc
1500 2365 1571 2412 di-

157 2438 162 2443 '
234 2429 387 2478 sticho
409 2430 617 2478 enotuit·

267 2616 272 2620 ὁ
268 2556 430 2604 “Gur
447 2556 580 2605 Otho
600 2559 797 2607 mentito
818 2559 895 2618 sit,
919 2558 1143 2620 quaeritis,
1165 2558 1300 2605 exsul
1320 2558 1523 2609 honore?

392 2621 566 2670 Uxoris
586 2624 794 2672 moechus
818 2631 1016 2685 coeperat
1035 2637 1132 2671 esse
1153 2624 1302 2671 suae.'’
