1950 3100
577 173 740 238 (ΙΙΙ.)
805 174 1166 244 TIBERIUS..
1218 177 1295 233 51.
1512 178 1602 234 127

264 310 427 349 autem
450 300 568 350 adeo
588 302 811 351 alimenta
831 302 1076 364 subducta,
1097 312 1155 351 ut
1174 311 1433 351 tomentum
1454 321 1481 353 e
1501 306 1602 353 cul-

265 366 363 414 cita
393 367 637 415 tentaverit
662 368 907 425 mandere,
940 369 1187 415 amborum
1208 369 1276 416 sic
1297 368 1509 431 reliquiis
1528 370 1601 418 di-

262 431 454 492 spersis,
477 438 535 478 ut
555 430 637 478 vix
659 432 942 494 quandoque
962 431 1121 495 colligi
1138 441 1341 494 possent.

336 491 482 558 (55.)
514 495 1600 607 SuperveteresamicosOacdfamilimviginti

265 559 361 607 sibi
373 573 403 605 e
416 572 608 606 numero
621 560 886 623 principum
901 560 1149 608 civitatisd
1234 570 1455 623 posca-at,
1473 562 1603 610 velut

264 622 554 671 consiliarios
583 624 634 670 in
665 625 860 686 negotiis
889 625 989 686 pub
989 624 1106 673 licis.
1228 639 1360 673 orum
1386 627 1599 674 omnium

267 688 353 734 vix
368 686 487 733 duos
501 694 586 734 aut
600 694 689 734 tres
704 688 956 739 incolumes
971 688 1214 752 praestitit·
1233 697 1433 799 caeteros,
1448 690 1598 739 alium

267 751 364 799 alia
383 750 442 797 de
460 751 616 811 causa,
640 752 853 814 perculit,
866 753 986 799 inter
1007 767 1141 815 quos,
1160 768 1269 801 cum
1288 753 1343 816 pl
1342 755 1598 802 urimorum

268 815 416 875 clade,
442 814 630 862 AElium
658 817 902 878 Sejmum,
926 830 1069 878 quem
1099 817 1160 864 ad
1181 832 1416 864 summam
1437 826 1598 881 poten-

266 880 386 927 tiam
396 893 489 927 non
503 887 602 926 tam
611 879 927 929 benevolentia
937 891 1223 943 provexerat,
1240 896 1384 942 quam
1397 889 1453 929 ut
1462 892 1597 943 esset,

268 946 405 1006 cujus
444 944 703 992 ministerio
738 959 796 993 ac
836 944 1082 992 fraudibus
1123 944 1290 992 liberos
1334 945 1599 994 Germanici

266 1008 631 1120 mmmmvmim'ad
646 1018 952 1071 nepotemque
973 1023 1115 1056 suum
1135 1008 1495 1120 efflfflo
1515 1025 1599 1058 na·

568 1074 899 1122 successionem
919 1073 1104 1134 impetu
1124 1086 1177 1120 co

334 1134 484 1202 (56)
514 1136 682 1184 Nihilo
700 1136 876 1184 lenior·
861 1151 912 1183 ιιι
927 1136 1207 1185 convictores
1223 1136 1474 1198 Graeculos,
1491 1139 1596 1201 qui-

267 1203 357 1250 bus
377 1200 452 1249 vel
471 1201 676 1248 maxime
703 1202 1038 1264 acquiescebat,
1062 1200 1296 1248 Zenonem
1326 1201 1593 1283 quemdam,

266 1266 545 1328 exquisitius
607 1266 1004 1326 sermocinantem,
1073 1279 1183 1312 cum
1249 1265 1588 1328 interrogasset,

268 1329 650 1392 “quaenamilla
677 1337 775 1379 tam
803 1329 1427 1390 molestadialectosesset,”
1449 1331 1599 1379 etille

264 1394 586 1457 respondisset,
621 1393 877 1452 Doridemg
912 1394 1134 1457 relegavit
1161 1394 1413 1457 Cinariam,
1436 1396 1596 1443 existi-

264 1474 436 1572 33⁸5„
448 1459 1163 1601 ‘Rhffimffifflnssffl
1181 1459 1595 1573 ⁸333ssssss

262 1588 457 1637 lectione
487 1588 760 1652 quotidiana
784 1590 1067 1651 quaestiones
1097 1604 1235 1651 super
1271 1604 1448 1637 coenam
1484 1605 1593 1653 pro-

255 1668 445 1716 ponere,
474 1653 878 1730 comperissetque,
911 1653 1158 1702 Seleucum
1188 1656 1545 1716 grammaticum
1567 1670 1598 1701 a

261 1719 486 1767 ministris
506 1718 605 1765 suis
624 1717 898 1781 perquirere,
917 1732 1036 1780 quos
1054 1733 1243 1780 quoque
1255 1727 1457 1781 tempore
1478 1728 1596 1767 trac-

260 1792 378 1830 taret
416 1790 638 1844 auctores,
672 1790 812 1844 atque
848 1782 915 1829 ita
945 1796 1041 1859 prae
1074 1790 1254 1829 aratmn
1285 1783 1466 1841 venire3
1500 1784 1597 1845 pri-

260 1862 395 1895 mum
416 1862 447 1894 a
465 1846 763 1896 contubernio
788 1847 1002 1906 removit,
1058 1845 1191 1893 einde
1216 1845 1358 1893 etiam
1387 1847 1448 1894 ad
1469 1861 1595 1894 mor-
1643 1907 1646 1910 ¹
1703 1844 1708 1848 ’

260 1920 354 1960 tem
377 1911 618 1974 compulit.

326 1975 469 2041 (57.)
500 1977 636 2024 Saeva
664 1990 719 2023 ac
748 1976 874 2024 lenta
900 1982 1070 2022 natura
1088 1988 1147 2020 ne
1168 1974 1219 2020 in
1237 1985 1383 2036 puero
1402 1973 1593 2035 quidem

258 2040 431 2089 latuit.
467 2055 613 2103 quam
644 2040 918 2089 Theodorus
934 2038 1196 2116 Gadareus,
1217 2038 1454 2085 rhetoricas
1474 2052 1593 2099 prae-

260 2113 432 2183 ceptor,
441 2112 489 2151 et
502 2105 981 2168 perspexisseprimus
992 2103 1231 2166 sagaciter,
1241 2109 1287 2149 et
1298 2101 1595 2150 assimulasse

260 2170 501 2233 aptissime
523 2170 653 2217 visus
674 2178 760 2230 est,
776 2167 1004 2217 subinde*
989 2183 1040 2215 m
1055 2165 1345 2229 objurgando
1356 2165 1596 2228 appellans

259 2249 371 2282 eum
398 2242 535 2288 πηλον
516 2236 710 2295 vulpot-ra
743 2252 797 2280 πε
781 2244 1022 2310 εφιιρμινον.
1075 2230 1167 2281 Sed
1183 2231 1424 2294 aliquanto
1444 2230 1596 2292 magis

259 2298 311 2345 in
340 2298 559 2360 Principe
592 2297 758 2360 eluxit,
792 2298 934 2344 etiam
961 2298 1082 2344 inter
1122 2296 1273 2355 initia,
1300 2309 1410 2341 cum
1444 2292 1598 2342 adhuc

256 2361 465 2411 favorem
475 2361 722 2410 hominum
730 2361 1056 2409 moderationis
1068 2359 1364 2408 simulatione
1376 2365 1593 2420 captaret.

257 2427 495 2488 Sumam,
539 2427 642 2490 qui,
686 2434 1010 2489 praetereunte
1028 2425 1203 2486 finiere,
1248 2424 1369 2471 clare
1411 2430 1598 2471 mortuo

258 2492 517 2551 mandarat,
548 2500 605 2539 ut
632 2491 867 2538 nuntiaret
892 2440 1203 2552 Augusw’ere,
1192 2486 1439 2537 ‘nondum
1465 2486 1597 2535 reddi
1668 2541 1677 2550 ,

257 2554 429 2619 legata,
455 2570 563 2618 quae
591 2555 721 2618 plebi
739 2555 1059 2619 reliquisset‚”
1083 2562 1333 2602 atu-actum
1355 2551 1417 2600 ad
1437 2567 1503 2613 se,
1526 2567 1596 2599 re-

257 2620 406 2686 cipere
437 2619 666 2679 debitum,
687 2619 891 2683 ducique
921 2619 984 2668 ad
1013 2618 1301 2682 supplicium
1332 2618 1595 2681 imperavit,

256 2692 304 2731 et
336 2684 460 2748 patri
496 2699 587 2732 suo
623 2697 784 2732 verum
818 2683 996 2732 referre.
1060 2684 1164 2732 Nec
1201 2682 1354 2731 multo
1387 2690 1509 2745 post,
1545 2682 1596 2727 in

256 2758 440 2813 senatu,
458 2749 685 2813 Pompeio
705 2749 911 2810 cuidam,
933 2749 1083 2813 equiti
1102 2749 1337 2810 Romano,
1362 2744 1590 2810 quiddam
