1950 3100
379 154 469 206 142
671 156 823 221 (Ν.)
887 156 1269 206 CALIGULA.
1340 140 1415 208 m.

372 286 483 345 iius,
516 284 616 332 heri
648 300 755 333 cum
783 284 859 334 his
884 287 1119 334 constitui.
1186 286 1335 335 Mitto
1358 294 1578 349 praeterea
1606 282 1722 335 cuni

372 364 426 396 eo
446 364 506 396 ex
529 350 670 397 servis
701 350 818 397 meis
841 349 1093 411 medicum,
1162 365 1290 412 uem,
1327 352 1492 419 scripsi
1515 352 1716 399 Germa-

371 414 490 473 nico,
509 414 549 460 si
574 413 724 473 venet,
739 422 795 462 ut
812 415 1036 462 retineret.
1074 415 1120 463 V
1168 415 1283 475 ebis‚
1305 430 1412 462 mea
1423 415 1715 479 Agrippina,

371 485 418 524 et
437 476 571 525 dabis
583 492 786 540 operam,
797 486 853 526 ut
873 479 1031 527 valens
1045 480 1284 543 pervenias
1297 479 1359 527 ad
1375 480 1715 528 Germanicum

370 542 560 588 tuum.’‘
624 542 832 591 Abunde
858 543 1054 592 arbitror
1079 559 1254 607 parere,
1287 558 1380 593 non
1402 545 1612 607 potuisse
1642 542 1715 591 ibi

370 605 497 653 nasci
520 605 706 667 Caium,
729 622 827 670 quo
846 622 990 670 prope
1009 609 1221 656 bimulus
1241 608 1433 655 demum
1461 608 1716 671 perductus

370 671 430 716 ab
457 669 586 717 Urbe
616 671 691 718 sit.
757 671 1107 720 Versiculorum
1141 687 1207 735 qu
1274 688 1331 719 ue
1366 672 1507 720 fidem
1545 672 1711 720 eadem

370 732 471 782 haec
490 734 699 792 elevant3
735 744 782 782 et
812 750 868 783 eo
899 735 1102 797 facilius,
1140 752 1206 800 qu
1304 736 1357 783 hi
1390 737 1493 785 sine
1525 745 1715 785 auctore

371 806 496 846 sunt.
560 799 808 861 Sequenda
837 807 908 848 est
943 801 1105 862 igitur,
1144 815 1253 863 quae
1291 800 1392 849 sola
1423 798 1710 864 [Actorum]

371 870 511 910 restat
535 861 629 928 [et]
647 862 827 926 publici
840 865 1134 912 instrumenti
1154 865 1431 922 auctoritasg
1457 865 1713 928 presertim

374 934 483 974 cum
499 927 644 975 Caius
656 928 876 990 Antium,
900 929 1118 977 omnibus
1141 943 1321 992 semper
1339 928 1455 977 locis
1478 936 1621 991 atque
1642 944 1713 977 se-

374 992 578 1041 cessibus
599 991 862 1056 11·aeth
884 1006 980 1040 non
1001 993 1149 1054 aliter,
1175 1008 1319 1056 quam
1352 993 1508 1042 natale
1539 993 1710 1053 solum,

303 1107 309 1111 ,
373 1055 611 1114 dilexerit3
646 1057 945 1121 &edaturque
965 1058 1124 1118 etiam,
1157 1056 1312 1105 sedem
1342 1073 1397 1107 ac
1418 1057 1710 1107 domicilium

374 1120 575 1183 imperii,
597 1121 735 1170 taedio
746 1122 907 1182 Urbis,
931 1121 1172 1169 transferre
1185 1136 1241 1169 eo
1261 1121 1530 1171 destinasse.

442 1182 554 1249 (9.)
589 1185 821 1248 Caligulae
853 1200 1108 1249 cognomen
1146 1187 1364 1235 castrensi
1401 1188 1515 1248 joco
1551 1186 1709 1245 traxit,

377 1250 492 1310 quia
521 1249 832 1312 manipulario
861 1250 1030 1298 habitu
1060 1252 1178 1298 inter
1207 1250 1382 1300 milites
1411 1249 1709 1301 educabatur.

376 1311 527 1374 Apud
550 1328 669 1375 quos
690 1322 921 1375 quantum
942 1322 1175 1376 praeterea,
1204 1329 1286 1378 per
1312 1313 1434 1363 hanc
1454 1315 1712 1362 nutrimen-

377 1382 530 1423 torum
574 1377 970 1437 consuetudinem,
1017 1393 1171 1426 amore
1212 1386 1260 1426 et
1303 1378 1455 1441 gratia
1498 1378 1711 1438 valuerit,

376 1440 582 1486 maxime
603 1441 842 1502 cognitum
864 1450 948 1502 est,
971 1457 1097 1504 cum,
1121 1450 1229 1505 post
1242 1457 1483 1491 excessum
1500 1443 1715 1505 Augusti

375 1503 731 1565 tumultuantes,
754 1512 801 1553 et
818 1505 870 1552 in
892 1505 1094 1555 furorem
1113 1522 1265 1571 usque
1284 1507 1561 1570 praecipites,
1585 1506 1713 1556 solus

377 1567 506 1615 haud
528 1568 669 1617 dubie
696 1578 942 1632 conspectu
971 1586 1059 1619 suo
1080 1571 1224 1620 flexit.
1291 1572 1405 1620 Non
1432 1574 1561 1620 enim
1582 1573 1713 1636 prius

376 1633 662 1693 destiterunt,
686 1648 831 1697 quam
853 1634 1059 1698 ablegari
1090 1651 1200 1683 eum
1230 1639 1290 1684 ob
1323 1636 1564 1685 seditionis
1594 1637 1714 1699 peri-

378 1697 556 1758 culum,
587 1705 633 1745 et
659 1699 709 1745 in
737 1699 1003 1762 proximam
1032 1701 1267 1748 civitatem
1294 1700 1582 1763 demandari,
1613 1701 1714 1747 ani-

376 1762 738 1811 madvertissent.
783 1763 922 1811 Tunc
943 1763 1135 1812 demum
1155 1764 1215 1811 sd
1236 1765 1556 1827 poenitentiam
1577 1766 1712 1823 versi,

376 1827 588 1889 reprenso
626 1842 680 1875 ac
721 1837 895 1876 retento
932 1828 1161 1890 vehiculo,
1199 1829 1442 1890 invidiam,
1478 1844 1588 1896 quae
1619 1830 1713 1878 sibi

376 1891 517 1951 fieret,
542 1892 770 1954 deprecati
791 1901 913 1940 sunt.

441 1956 581 2021 (10.)
613 1956 878 2005 Comitatus
909 1965 980 2008 est
1008 1965 1186 2020 patrem
1218 1965 1265 2004 et
1295 1957 1490 2020 Syriaca
1519 1956 1714 2020 expedi-

376 2022 528 2069 tione:
564 2020 692 2069 unde
716 2036 922 2070 reversus
942 2022 1150 2084 primum
1171 2021 1222 2069 in
1242 2021 1423 2082 matris,
1446 2022 1615 2070 deinde
1636 2019 1716 2086 (ed

374 2084 599 2149 relegata)
620 2086 670 2133 in
685 2085 836 2134 Liviae
855 2086 1091 2150 Augustae
1110 2087 1313 2149 proavioe
1328 2101 1443 2147 suae,
1468 2087 1714 2135 contuber-

377 2150 457 2198 nio
491 2151 693 2208 mansit3
739 2165 884 2213 quam
918 2150 1187 2198 defunctam
1226 2158 1532 2213 praetextatus
1574 2151 1715 2197 etiam

378 2223 483 2261 tum
520 2227 604 2275 pro
636 2214 819 2262 Rostris
849 2215 1074 2264 laudavit.
1141 2215 1443 2277 Transiitque
1472 2214 1535 2262 ad
1561 2214 1717 2262 Anto‘-

378 2279 508 2326 niam
540 2279 711 2339 aviam,
746 2287 808 2339 et,
842 2281 1172 2328 unetvicesimo
1193 2281 1343 2328 aetatis
1369 2294 1510 2339 anno,
1539 2279 1716 2327 accitus

376 2343 580 2406 Capreas
617 2356 647 2389 a
683 2342 890 2405 Tiberio,
928 2359 1027 2394 uno
1063 2352 1204 2421 atque
1240 2344 1401 2391 eodem
1434 2345 1512 2392 die

376 2407 562 2467 sumsit,
584 2409 871 2470 barbamque
898 2409 1075 2470 posuit,
1107 2424 1206 2457 sme
1225 2407 1325 2457 ullo
1344 2407 1537 2469 honore,
1562 2408 1715 2471 qualis

378 2472 630 2532 contigerat
648 2472 858 2519 tirocinio
877 2471 1076 2521 fratrum
1097 2475 1214 2536 ejus.
1281 2472 1379 2520 Hic
1400 2473 1625 2521 omnibus
1645 2472 1714 2518 in-

378 2534 510 2581 sidiis
530 2541 731 2582 tentatus
750 2534 1034 2584 elicientium
1056 2537 1415 2600 cogentiumque
1444 2551 1495 2585 se
1516 2537 1580 2585 ad
1603 2547 1712 2599 que-

378 2595 511 2656 relas,
550 2597 731 2644 nullam
764 2613 975 2661 unquam
1012 2602 1297 2649 occasionem
1334 2601 1481 2661 dedit,
1526 2599 1713 2663 perinde

380 2657 618 2705 obliterato
639 2674 828 2708 suorum
851 2677 977 2723 casu,
1002 2679 1056 2712 ac
1075 2665 1115 2712 si
1136 2663 1256 2712 nihil
1276 2666 1501 2727 cuiquam
1523 2665 1713 2714 accidis-
