1950 3100
331 140 426 187 204
712 132 868 200 (v1.)
932 131 1143 180 NERO.
1211 130 1284 180 11.

330 280 412 329 per
424 263 648 312 domicilii
658 261 1008 310 translationem
1019 258 1259 308 ditissimis
1274 255 1637 320 primipilarium
1653 274 1673 315 ς

335 330 419 376 ubi
438 337 485 375 et
564 336 689 375 rtum
709 325 859 388 operis
881 324 1244 374 sumtuosissimi
1262 322 1387 369 fecit.

401 391 422 456 (
441 394 513 441 10.
570 391 749 453 Atque,
783 397 839 437 ut
858 390 1094 438 certiorem
1117 387 1271 434 adhuc
1290 385 1495 433 indolem
1516 393 1674 433 osten-

335 456 474 517 deret,
508 457 542 483 “
563 470 622 502 ex
654 454 866 517 Augusti
896 453 1162 516 praescripto
1195 452 1531 513 imperaturum
1565 451 1672 510 se,'’
1750 495 1757 501 ,

335 520 583 583 professus,
607 534 757 581 neque
777 517 1084 578 liberalitatis,
1111 530 1262 578 neque
1284 513 1554 574 clementie,
1584 528 1673 562 nec

335 584 565 632 comitatis
577 583 766 646 quidem
780 580 1055 629 exhibendae
1075 580 1225 627 ullam
1244 579 1528 626 occasionem
1550 579 1672 627 omi-

335 648 411 695 sit.
479 648 706 695 Graviora
732 645 977 708 vectigalia
1001 652 1085 691 aut
1119 643 1336 703 abolevit,
1369 650 1453 690 aut
1478 642 1670 689 minuit.

339 712 541 759 Praemia
560 711 817 758 delatorum
841 711 1003 771 Papiae
1029 708 1150 771 legis
1178 708 1240 755 ad
1261 715 1449 769 quartas
1476 705 1670 768 redegit.

339 774 519 823 Divisis
540 775 717 839 populo
737 775 911 822 viritim
934 772 1265 835 quadringenis
1291 771 1514 829 nummis,
1538 784 1674 818 sena-

339 849 494 889 torum
520 840 810 887 nobilissimo
838 838 1021 900 cuique,
1051 836 1132 883 sed
1163 852 1194 883 a
1222 851 1271 882 re
1289 834 1510 882 familiari
1530 834 1674 883 desti-

341 913 460 966 tuto,
494 919 650 953 annua
680 903 862 962 salaria,
894 911 941 949 et
971 900 1258 963 quibusdam
1290 899 1541 961 quingena,
1564 914 1675 946 oon.

343 970 526 1028 stituit3
577 969 689 1017 item
741 967 1026 1030 pretorianis
1078 964 1343 1012 cohortibus
1385 962 1676 1014 fiumenmm

344 1044 634 1082 menstruum
664 1032 933 1095 gratuitum.
998 1030 1083 1088 Et,
1105 1043 1215 1075 cum
1235 1027 1295 1074 de
1325 1027 1560 1089 supplicio
1591 1043 1675 1075 cu-

340 1099 532 1159 jusdam
568 1099 718 1160 eapite
751 1094 975 1154 damnati,
1011 1102 1067 1141 ut
1099 1108 1159 1140 ex
1192 1105 1319 1139 more
1355 1092 1675 1154 substa-ibera,

345 1162 693 1218 admonereturg
731 1162 766 1189 “-
788 1159 950 1218 Quam
985 1157 1205 1217 vellem,”
1238 1156 1411 1218 inquit,
1448 1157 1482 1183 “⁹
1503 1157 1678 1203 nescire

344 1225 500 1273 literas
517 1226 570 1274 !”
588 1225 767 1273 Omnes
786 1222 1015 1287 [ordines]
1034 1220 1231 1269 subinde
1246 1235 1300 1267 ac
1320 1219 1585 1267 memoriter
1602 1235 1678 1268 sa-

345 1288 531 1337 lutavit.
593 1288 772 1350 A‘genti
791 1288 982 1335 ¹senatui
1011 1286 1180 1348 gratias
1207 1283 1459 1347 respondit,
1492 1286 1529 1312 ‘⁶
1551 1283 1678 1332 Cum

345 1353 604 1400 meruero.'’
667 1352 752 1399 Ad
779 1360 1054 1413 campestres
1080 1349 1425 1397 exercitationes
1457 1363 1569 1395 suas
1594 1348 1681 1395 ad..

347 1416 477 1463 misit
508 1423 555 1463 et
594 1415 808 1477 plebem3
850 1415 1217 1476 declamavitque
1253 1412 1421 1475 saepius
1458 1413 1679 1475 publicet

348 1481 555 1528 recitavit
577 1488 623 1527 et
643 1480 863 1538 carmina,
887 1494 982 1526 non
995 1479 1136 1526 modo
1151 1478 1294 1538 domi,
1318 1477 1398 1525 sed
1414 1477 1465 1523 in
1481 1476 1678 1540 theatro,

347 1544 478 1593 tanta
498 1544 815 1592 universorum
836 1544 1018 1605 laetitia,
1041 1551 1112 1604 ut,
1134 1544 1194 1591 ob
1215 1542 1546 1602 recitationem,
1565 1557 1681 1605 sup-

350 1610 540 1672 plicatio
576 1608 756 1656 decreta
793 1609 868 1668 sit,
909 1623 1057 1671 esque
1092 1622 1200 1671 pars
1233 1607 1494 1654 carminum
1530 1607 1684 1655 aureis

349 1674 495 1721 literis
516 1673 552 1721 J
554 1675 631 1722 ovi
653 1673 919 1736 Capitolino
938 1673 1109 1720 dicata.

416 1737 551 1802 (11.)
595 1738 972 1801 Spectaculorum
1014 1736 1220 1799 plurima
1259 1742 1306 1782 et
1347 1735 1475 1782 varia
1517 1749 1685 1796 genere

351 1802 495 1850 edidit
508 1821 523 1852 z
554 1802 810 1866 juvenda,
834 1803 1070 1861 circenses,
1102 1801 1300 1849 scenicos
1318 1799 1472 1859 ludos,
1503 1799 1684 1861 gladia.-

349 1868 522 1916 torium
551 1882 738 1915 munus·
801 1865 1117 1914 Juvenalibus
1147 1879 1275 1913 senes
1304 1878 1493 1926 quoque
1517 1878 1683 1911 consu.

351 1932 485 1993 lares,
509 1947 719 1994 anusque
738 1939 988 1989 matronas,
1009 1931 1181 1992 recepit
1200 1928 1260 1977 sd
1278 1928 1454 1975 lusum.
1498 1928 1684 1976 Circen-

354 1996 965 2059 sibuslocaequitiseereta
995 2009 1025 2041 a
1053 1994 1226 2041 caeteris
1258 1992 1452 2039 tribuit:
1488 1993 1684 2039 commi-

355 2062 507 2123 sitque
536 2060 678 2108 etiam
709 2059 992 2107 camelorum
1016 2058 1281 2120 quadrigas.
1345 2055 1517 2115 Ludis,
1520 2072 1682 2167 Rquos,

353 2140 441 2187 pro
459 2126 710 2172 eternitate
729 2124 912 2185 imperii
932 2130 1184 2184 susceptos,
1216 2120 1440 2185 appellari
1462 2122 1498 2149 ‘⁹‘
1581 2121 1683 2168 axi-

355 2190 492 2237 mos’'
533 2188 699 2247 voluit,
734 2203 794 2234 ex
830 2196 1029 2249 utroque
1063 2186 1221 2234 ordine
1249 2194 1295 2233 et
1328 2200 1445 2233 sexu
1476 2184 1685 2248 plerique

353 2252 556 2300 ludicras
604 2260 756 2315 partes
812 2252 1143 2299 sustinuerunt.
1205 2250 1495 2298 Notissimus
1546 2264 1686 2311 eques

357 2317 601 2365 Romanus
632 2316 876 2379 elephanto
917 2315 1216 2377 supersedens
1252 2329 1334 2376 per
1370 2312 1688 2361 catadromum

356 2381 625 2428 decucurrit.
660 2380 860 2427 Inducta
879 2387 949 2428 est
969 2387 1016 2425 et
1029 2379 1220 2426 Afranii
1240 2386 1413 2440 togata,
1431 2392 1540 2440 quae
1552 2380 1587 2406 “
1605 2377 1688 2424 In-

354 2445 604 2492 cendium”
628 2445 922 2502 inscribitur;
958 2457 1334 2504 concessumque,
1356 2449 1412 2489 ut
1433 2442 1600 2488 scenici
1617 2456 1689 2488 ar·

354 2507 504 2555 dentis
526 2507 691 2556 domus
720 2507 1053 2570 supellectilem
1072 2507 1332 2570 diriperent,
1356 2520 1411 2553 ac
1436 2505 1528 2553 sibi
1548 2505 1691 2552 habe-

356 2576 470 2615 rent.
536 2571 705 2632 Sparsa
719 2580 765 2617 et
784 2572 961 2633 populo
983 2572 1178 2619 missilia
1205 2571 1414 2618 omnium
1436 2583 1590 2616 rerum
1611 2583 1693 2632 per

353 2644 511 2678 omnes
532 2632 658 2680 dies=
685 2634 870 2694 singula
882 2635 1090 2696 quotidie
1110 2634 1260 2683 miliia
1280 2634 1440 2682 avium
1460 2635 1694 2697 cuiusque
