1950 3100
638 168 792 234 (v1.)
857 169 1066 220 NERO.
1133 173 1210 220 ιο.
1492 171 1588 220 223

263 301 385 361 Quis
404 305 559 361 negat,
580 297 744 346 AEneae
762 299 935 361 magna
954 300 1014 347 de
1033 301 1174 362 stirpe
1194 299 1427 347 Neronem
1441 303 1464 348 Ρ

322 362 523 413 Sustulit
541 362 619 409 hic
638 371 832 410 matrem
847 380 864 420 ς
887 364 1079 411 sustulit
1098 364 1178 411 ille
1196 373 1388 426 patrem.

262 492 393 540 Dum
413 489 563 538 tendit
582 490 804 538 citharam
825 499 992 552 noster,
1014 492 1131 539 dum
1151 506 1322 540 cornua
1343 490 1562 551 Parthus,

321 557 493 604 Noster
511 555 597 601 erit
616 554 774 616 ΡΜ,
796 555 876 603 ille
893 555 1266 611 Ἕκατηβελιτης.

267 684 419 731 Roma
437 681 605 729 domus
626 682 735 731 fieta
767 683 913 732 Veios
932 683 1145 745 migrate,
1168 682 1394 745 Quirites,

326 748 379 795 Si
398 761 492 794 non
510 754 557 793 et
576 745 721 795 Veios
740 755 935 810 occupat
954 747 1044 795 ista
1065 746 1247 796 domus.

462 889 523 922 ue
544 883 749 923 auctores
767 875 1007 938 requisiit.
1042 883 1089 923 et
1108 874 1353 937 quosdam,
1375 890 1458 937 per
1476 874 1598 922 indi-

492 947 565 986 tos
598 938 1064 999 adsenatum,affici
1093 939 1600 1002 graviorepoenapro-

260 1003 430 1050 hibuit.
496 1003 834 1051 Transeuntem
867 1003 1077 1051 Isidorus
1106 1004 1295 1065 cynicus
1328 1003 1375 1049 in
1407 1003 1599 1065 publico

262 1067 386 1115 clara
417 1081 526 1115 voce
552 1069 898 1130 corripuerat,‘
901 1068 1066 1130 ‘quod
1097 1066 1297 1129 Nauplii
1327 1066 1454 1113 mala
1483 1067 1600 1113 bene

262 1132 516 1191 cantitaret,
539 1146 628 1179 sua
657 1134 782 1179 bona
807 1132 931 1180 male
956 1131 1266 1195 disponeret.'’
1329 1130 1397 1178 Et
1423 1131 1597 1191 Datus,

260 1195 589 1243 Atellanarum
607 1195 787 1257 histrio,
811 1197 860 1243 in
880 1197 1058 1244 cantico
1078 1195 1299 1259 quodam,
1322 1196 1490 1254 ὑγιαινσ,
1513 1212 1599 1241 πα.

260 1278 356 1320 rep,
378 1261 552 1318 ὑγιαιη,
572 1278 731 1319 μητιρ,
756 1262 823 1308 ite
850 1260 1253 1317 demonstraverat,
1279 1267 1337 1306 ut
1362 1259 1599 1306 bibentem

259 1332 589 1385 natantemque
606 1322 790 1386 faceret,
812 1326 994 1372 exitum
1019 1324 1192 1373 scilicet
1213 1323 1401 1373 Claudii
1421 1324 1598 1386 Agrip-

260 1388 479 1450 pinaeque
498 1387 790 1450 significans:
815 1398 862 1437 et
881 1391 930 1437 in
951 1389 1206 1438 novissima
1225 1387 1453 1448 clausula,
1542 1428 1553 1440 .

521 1517 557 1544 ‘⁴
577 1515 730 1566 Orcus
751 1518 884 1567 vobis
904 1518 1036 1568 ducit
1053 1518 1246 1583 pedes,”

256 1653 475 1695 senatum
495 1653 627 1707 gestu
647 1654 839 1695 notaret.
894 1648 1183 1696 Histrionem
1203 1655 1250 1694 et
1269 1645 1599 1708 philosophum

259 1713 392 1759 Nero
410 1710 531 1757 nihil
551 1711 770 1773 amplius,
789 1726 932 1773 quam
948 1712 1078 1759 Urbe
1093 1711 1326 1773 Italiaque
1347 1711 1599 1770 submovit,

257 1776 337 1823 vel
370 1783 601 1822 contemtu
634 1777 785 1823 omnis
812 1776 1035 1836 infamiae,
1058 1775 1132 1824 vel
1152 1790 1225 1835 ne,
1249 1774 1437 1821 fatendo
1467 1774 1598 1820 dolo-

257 1854 380 1899 rem,
401 1839 598 1886 irritaret
616 1840 815 1902 ingenia.

327 1901 466 1968 (40.)
499 1902 666 1950 Talem
687 1904 951 1967 Principem
980 1902 1124 1965 paulo
1146 1902 1304 1948 minus
1355 1899 1600 1948 uatuorde-

256 1968 356 2079 2⁵3
369 1967 1223 2091 ‚fflffumpeffiiissbffmfflmsfffi
1234 1963 1601 2087 ᾖξ’θιὲᾱῗὲ,

256 2097 347 2158 qui
392 2103 494 2143 tum
535 2111 638 2143 eam
679 2098 965 2159 provinciam
1006 2110 1091 2159 pro
1131 2102 1322 2158 praetore
1352 2093 1601 2139 obtinebat.

261 2159 550 2208 Praedictum
576 2176 607 2207 a
632 2160 969 2208 mathematicis
998 2161 1175 2208 Neroni
1204 2158 1319 2206 olim
1348 2164 1459 2216 erat,
1490 2155 1599 2216 fore,

257 2233 319 2271 ut
341 2225 622 2292 quandoque
640 2224 986 2273 destitueretur·
1011 2225 1135 2272 unde
1155 2223 1239 2270 illa
1258 2236 1351 2270 vox
1367 2223 1468 2283 ejus
1488 2219 1603 2267 cele-

257 2284 479 2348 berrima,
515 2307 565 2335 το
595 2308 644 2336 τε
646 2307 714 2352 χνι
718 2307 759 2337 ον
793 2307 919 2336 orae-a
954 2307 1012 2346 γα
1015 2307 1059 2334 ια
1090 2307 1167 2350 τρι
1169 2302 1236 2346 cn
1261 2300 1405 2348 ‘quo
1430 2286 1604 2345 majore

255 2352 438 2400 scilicet
458 2353 593 2401 venia
612 2353 908 2401 meditaretur
926 2352 1266 2401 citharoedicam
1285 2358 1446 2409 artem,
1470 2349 1604 2396 Prin-

256 2417 359 2479 cipi
374 2416 465 2465 sibi
479 2425 677 2479 gratam,
696 2419 877 2480 privato
891 2418 1204 2464 necessariam.
1259 2414 1606 2489 Spoponderam

258 2488 422 2527 tamen
465 2481 659 2544 quidam
705 2482 923 2530 destituto
965 2481 1193 2529 Orientis
1224 2478 1599 2533 dominationem,

258 2542 481 2592 nonnulli
491 2546 768 2593 nominatim
779 2560 973 2608 regnum
989 2545 1434 2622 Hierosolymorum,
1448 2541 1602 2604 plures

395 2610 666 2671 spristinae
706 2610 903 2658 fortunae
943 2610 1293 2657 restitutionem.
1371 2608 1463 2655 Cui
1505 2606 1603 2667 spei

254 2670 466 2734 pronior,
503 2672 749 2722 Britannia
781 2674 1102 2737 Armeniaque
1133 2674 1320 2733 amissa,
1360 2687 1412 2719 ac
1446 2684 1601 2717 rursus
