1950 3100
393 155 483 203 112
697 149 856 219 (111.)
922 148 1268 200 TIBERIUS.
1335 151 1418 201 24’

386 291 432 330 et
454 280 601 331 valere
622 294 746 329 nunc
765 279 813 328 e't
833 279 1013 342 semper
1032 279 1282 343 patiantur,
1315 281 1359 328 si
1378 293 1473 327 non
1494 278 1730 342 populum

386 347 656 395 Romanum
676 346 826 408 perosi
846 345 1008 391 sunt.”

382 456 383 459 ,
450 408 585 473 (22.)
618 410 875 457 Excessum
899 408 1111 470 Augusti
1131 421 1225 455 non
1255 408 1385 470 prius
1405 408 1563 470 palam
1597 405 1723 467 fecit,

387 488 530 535 quam
567 473 786 535 Agrippa
815 475 985 534 juvene
1013 472 1294 519 interemto.
1333 471 1477 520 Hune
1509 471 1726 518 tribunus

386 536 450 584 ιιι·
436 536 608 601 nutum,
642 546 795 584 custos
816 536 1073 601 appositus,
1106 535 1288 596 occidit,
1320 535 1450 583 lectis
1480 533 1726 595 codicillis,-

383 600 572 663 quibus,
606 609 660 648 ut
677 601 753 648 id
765 600 947 659 faceret,
976 601 1240 660 jubebatur.
1304 598 1442 658 Quos
1473 597 1723 659 codicillos,

384 665 584 711 dubium
617 664 724 726 fuit,
758 665 1067 726 Augustusne
1095 664 1294 711 moriens
1317 662 1593 726 reliquisset,
1626 676 1726 723 qno

384 729 625 776 materiam
647 728 876 777 tumultus
897 736 1005 789 post
1033 742 1082 776 se
1101 727 1404 783 subduceret,
1440 741 1501 774 an
1535 725 1723 773 nomine

386 792 597 854 Augusti
632 793 785 854 Livia,
818 801 864 839 et
891 807 962 851 ea,
997 791 1177 839 conscio
1207 791 1412 851 Tiberio,
1448 805 1509 838 an
1542 790 1719 851 ignaro,

384 856 612 905 dictasset.
660 857 879 905 Tiberius
899 855 1180 903 renuntianti
1192 855 1394 913 tribuno,
1413 855 1590 902 factum
1605 868 1721 913 esse,

386 921 511 983 quod
546 922 901 984 imperasset,“
921 934 1074 982 neque
1106 918 1357 980 imperasse
1393 933 1457 978 se,
1491 925 1538 965 et
1569 917 1725 964 reddi-

384 992 543 1032 turum
564 1001 672 1032 eum
693 985 873 1034 senatui
893 984 1153 1041 rationem?
1157 982 1463 1044 ’respondit3
1497 980 1726 1028 invidiam

384 1049 558 1097 scilicet
590 1050 641 1095 ιιι
661 1047 903 1119 praesentia
924 1047 1100 1095 vitans.
1135 1058 1247 1129 nam
1268 1060 1382 1093 mox
1406 1045 1588 1093 silentio
1624 1060 1725 1093 rem

383 1113 680 1161 obliteravit.
760 1148 761 1151 η

447 1175 584 1240 (23.)
615 1176 734 1227 Jure
755 1183 912 1222 autem
933 1175 1194 1222 tribuniciae
1213 1174 1452 1236 potestatis
1472 1181 1631 1222 coacto
1650 1187 1725 1220 se-

384 1247 516 1300 natu,
526 1239 834 1301 inchoataque
855 1239 1147 1298 allocutione,
1161 1237 1416 1348 derepente,
1400 1237 1728 1305 ,velutimpar
1831 1293 1836 1299 ⁸

384 1303 547 1363 dolori,
579 1303 866 1364 congemuit,
903 1310 1049 1364 utque
1084 1316 1178 1349 non
1215 1316 1368 1413 solum
1403 1317 1514 1363 vox,
1560 1301 1643 1349 sed
1676 1308 1728 1349 et

381 1367 572 1428 spiritus
601 1365 825 1425 deficeret,
859 1381 921 1428 op
921 1366 1064 1424 tavit3
1097 1380 1267 1428 acper
1282 1365 1511 1428 egendum
1547 1366 1728 1414 librum

383 1429 542 1481 Druso
570 1429 671 1477 filio
694 1429 907 1476 tradidit.
973 1401 1172 1477 Initum
1190 1430 1355 1478 deinde
1384 1429 1598 1506 Augusti
1632 1437 1730 1478 tes-

383 1502 659 1555 tamentum,
690 1507 785 1540 non
805 1492 1020 1542 admissis
1041 1494 1366 1557 signam-ibus,
1398 1495 1489 1542 nisi
1510 1496 1731 1542 senatorii

381 1557 571 1619 ordinis,
604 1558 778 1606 caeteris
812 1566 944 1606 extra
975 1560 1153 1606 curiam
1187 1561 1322 1622 signa
1353 1560 1728 1636 agnoscentibus,

383 1622 592 1678 recitavit
626 1637 710 1684 per
743 1621 980 1670 libertmn.
1047 1622 1336 1671 Testamenti
1368 1623 1559 1673 initium
1597 1623 1693 1671 fuit
1708 1642 1726 1672 z

384 1686 668 1746 “Quoniam
690 1686 875 1733 sinistra
893 1685 1103 1734 Fortuna
1121 1687 1293 1735 Caium
1313 1695 1360 1735 et
1378 1687 1587 1735 Lucium
1603 1688 1728 1735 filios

381 1750 500 1799 mihi
519 1750 703 1814 eripuit,
737 1749 954 1798 Tiberius
973 1750 1131 1798 Caesat
1150 1750 1287 1799 mihi
1298 1767 1357 1799 ex
1377 1759 1510 1813 parte
1530 1752 1733 1800 dimidia

379 1825 426 1864 et
459 1822 665 1863 sextante
707 1813 851 1861 haeres
885 1815 1033 1862 esto-'⁹
1106 1814 1218 1873 Quo
1247 1823 1294 1862 et
1324 1815 1429 1877 ipso
1470 1823 1611 1863 aucta
1647 1832 1727 1864 su-

381 1879 525 1945 spicio
558 1888 628 1927 est
663 1878 974 1941 opinantium,
1011 1892 1314 1926 successorem
1350 1877 1585 1927 adscitum
1616 1896 1726 1929 eum

378 1945 645 1998 necessitate
674 1942 842 2004 magis,
866 1957 1010 2005 quarn
1028 1942 1218 2003 judicio,
1242 1941 1430 2005 quaudo
1451 1943 1521 1990 ita
1541 1944 1728 2007 praefari

381 2024 474 2058 non
495 2008 778 2057 abstinuerit.

445 2072 584 2143 (24.)
602 2071 939 2133 Principatum,
963 2071 1178 2132 quamvis
1199 2085 1349 2139 neque
1370 2087 1596 2138 occupare
1617 2088 1727 2121 con-

378 2138 550 2197 festim,
583 2150 733 2199 neque
753 2149 886 2197 agere
904 2135 1179 2195 dubitasset,
1213 2143 1260 2182 et
1280 2136 1474 2183 statione
1494 2137 1725 2198 militum,

377 2202 465 2250 hoc
499 2209 583 2262 est,
616 2201 672 2248 ·vi
705 2207 752 2246 et
788 2198 937 2260 specie
972 2198 1314 2261 dominationis,
1361 2201 1589 2264 assumta,
1638 2202 1727 2262 ιιιιι

376 2275 533 2314 tanen
565 2263 792 2312 recusavit
826 2261 1227 2324 impudentissimo
1260 2264 1440 2322 mimo3
1481 2278 1611 2313 nunc
1641 2266 1730 2313 ad·

377 2330 610 2379 hortantes
656 2326 829 2375 amicos
881 2327 1137 2388 increpans,
1186 2337 1242 2375 ut
1294 2329 1497 2391 ignaros,
1545 2339 1731 2392 quanta

375 2392 534 2442 bellua
568 2399 687 2440 osset
723 2389 1002 2452 imperium3
1035 2405 1162 2439 nunc
1190 2400 1452 2454 precantem
1487 2403 1727 2454 semmam,

375 2468 423 2566 ἓξ
440 2425 1729 2595 Qffluffiffiffiffiwhffim'mu

374 2584 586 2628 tientiam
604 2588 884 2642 rumperent,
918 2589 1060 2641 atque
1081 2597 1203 2630 unus
1236 2584 1286 2630 ιιι
1308 2584 1516 2632 tumultu
1537 2586 1725 2646 procla-

371 2651 535 2704 maret,
573 2643 728 2694 “Aut
752 2649 876 2704 aget,
913 2650 996 2697 aut
1015 2644 1254 2695 desistat*
1259 2647 1421 2695 ‘alter
1442 2661 1598 2698 coram
1636 2664 1724 2696 ex
