<?xml version="1.0" encoding="UTF-8"?>
<!DOCTYPE html PUBLIC "-//W3C//DTD XHTML 1.0 Transitional//EN"
    "http://www.w3.org/TR/xhtml1/DTD/xhtml1-transitional.dtd">
<html xmlns="http://www.w3.org/1999/xhtml" xml:lang="en" lang="en">
 <head>
  <title>
</title>
<meta http-equiv="Content-Type" content="text/html;charset=utf-8" />
  <meta name='ocr-system' content='tesseract 3.04.00' />
  <meta name='ocr-capabilities' content='ocr_page ocr_carea ocr_par ocr_line ocrx_word'/>
</head>
<body>
  <div class='ocr_page' id='page_1' title='image "./csuetoniitranqu08suetgoog_0147.png"; bbox 0 0 1950 3100; ppageno 0'>
   <div class='ocr_carea' id='block_1_1' title="bbox 518 151 1540 220">
    <p class='ocr_par' dir='ltr' id='par_1_1' title="bbox 518 151 1540 220">
     <span class='ocr_line' id='line_1_1' title="bbox 518 151 1540 220; baseline 0.004 -15"><span class='ocrx_word' id='word_1_1' title='bbox 518 151 671 220; x_wconf 76' lang='lat' dir='ltr'>(1v.)</span> <span class='ocrx_word' id='word_1_2' title='bbox 735 152 1111 205; x_wconf 72' lang='lat' dir='ltr'><strong>cAmeUnA.</strong></span> <span class='ocrx_word' id='word_1_3' title='bbox 1180 157 1225 209; x_wconf 73' lang='lat' dir='ltr'><strong>a</strong></span> <span class='ocrx_word' id='word_1_4' title='bbox 1453 157 1540 211; x_wconf 62' lang='grc' dir='ltr'><strong>ιιι</strong></span> 
     </span>
    </p>
   </div>
   <div class='ocr_carea' id='block_1_2' title="bbox 210 281 1550 1178">
    <p class='ocr_par' dir='ltr' id='par_1_2' title="bbox 210 281 1550 602">
     <span class='ocr_line' id='line_1_2' title="bbox 211 281 1549 346; baseline 0.004 -18"><span class='ocrx_word' id='word_1_5' title='bbox 211 296 306 344; x_wconf 82' lang='lat' dir='ltr'><strong>que</strong></span> <span class='ocrx_word' id='word_1_6' title='bbox 325 281 548 344; x_wconf 81' lang='lat' dir='ltr'>introiret,</span> <span class='ocrx_word' id='word_1_7' title='bbox 572 282 941 333; x_wconf 68' lang='lat' dir='ltr'><strong>exosetssabatm.</strong></span> <span class='ocrx_word' id='word_1_8' title='bbox 991 283 1158 332; x_wconf 67' lang='lat' dir='ltr'><strong>Cata-i</strong></span> <span class='ocrx_word' id='word_1_9' title='bbox 1178 282 1444 346; x_wconf 61' lang='lat' dir='ltr'><strong>supe-estimo</strong></span> <span class='ocrx_word' id='word_1_10' title='bbox 1465 298 1549 346; x_wconf 78' lang='lat' dir='ltr'><strong>pa-</strong></span> 
     </span>
     <span class='ocr_line' id='line_1_3' title="bbox 210 340 1550 424; baseline 0.004 -32"><span class='ocrx_word' id='word_1_11' title='bbox 210 340 275 405; x_wconf 69' lang='lat' dir='ltr'><strong>&#39;tri</strong></span> <span class='ocrx_word' id='word_1_12' title='bbox 295 344 497 393; x_wconf 83' lang='lat' dir='ltr'><strong>fuerunt.</strong></span> <span class='ocrx_word' id='word_1_13' title='bbox 563 345 682 395; x_wconf 82' lang='lat' dir='ltr'><strong>Tres</strong></span> <span class='ocrx_word' id='word_1_14' title='bbox 708 349 846 397; x_wconf 68' lang='lat' dir='ltr'><strong>sexus</strong></span> <span class='ocrx_word' id='word_1_15' title='bbox 869 347 1097 409; x_wconf 83' lang='lat' dir='ltr'><strong>feminini,</strong></span> <span class='ocrx_word' id='word_1_16' title='bbox 1110 347 1395 424; x_wconf 52' lang='lat' dir='ltr'><strong>Agrip‘pina,</strong></span> <span class='ocrx_word' id='word_1_17' title='bbox 1418 346 1550 397; x_wconf 88' lang='lat' dir='ltr'><strong>Dru-</strong></span> 
     </span>
     <span class='ocr_line' id='line_1_4' title="bbox 214 408 1547 474; baseline 0.003 -18"><span class='ocrx_word' id='word_1_18' title='bbox 214 408 336 469; x_wconf 87' lang='lat' dir='ltr'><strong>silla,</strong></span> <span class='ocrx_word' id='word_1_19' title='bbox 352 409 545 472; x_wconf 83' lang='lat' dir='ltr'><strong>Livilla,</strong></span> <span class='ocrx_word' id='word_1_20' title='bbox 561 412 779 459; x_wconf 82' lang='lat' dir='ltr'><strong>continuo</strong></span> <span class='ocrx_word' id='word_1_21' title='bbox 793 412 989 460; x_wconf 75' lang='lat' dir='ltr'><strong>triemiio</strong></span> <span class='ocrx_word' id='word_1_22' title='bbox 1009 419 1154 460; x_wconf 76' lang='lat' dir='ltr'><strong>natoe:</strong></span> <span class='ocrx_word' id='word_1_23' title='bbox 1180 411 1373 459; x_wconf 78' lang='lat' dir='ltr'><strong>totidem</strong></span> <span class='ocrx_word' id='word_1_24' title='bbox 1380 426 1547 474; x_wconf 85' lang='lat' dir='ltr'><strong>mares,</strong></span> 
     </span>
     <span class='ocr_line' id='line_1_5' title="bbox 218 473 1549 527; baseline 0.005 -7"><span class='ocrx_word' id='word_1_25' title='bbox 218 473 342 520; x_wconf 89' lang='lat' dir='ltr'><strong>Nero</strong></span> <span class='ocrx_word' id='word_1_26' title='bbox 363 482 412 521; x_wconf 87' lang='lat' dir='ltr'><strong>et</strong></span> <span class='ocrx_word' id='word_1_27' title='bbox 431 473 618 522; x_wconf 80' lang='lat' dir='ltr'>Drusus</span> <span class='ocrx_word' id='word_1_28' title='bbox 633 483 679 522; x_wconf 91' lang='lat' dir='ltr'><strong>et</strong></span> <span class='ocrx_word' id='word_1_29' title='bbox 696 475 756 523; x_wconf 87' lang='lat' dir='ltr'><strong>C.</strong></span> <span class='ocrx_word' id='word_1_30' title='bbox 776 475 943 524; x_wconf 81' lang='lat' dir='ltr'><strong>Caesar.</strong></span> <span class='ocrx_word' id='word_1_31' title='bbox 1013 476 1247 525; x_wconf 81' lang='lat' dir='ltr'><strong>Neronem</strong></span> <span class='ocrx_word' id='word_1_32' title='bbox 1267 484 1316 524; x_wconf 87' lang='lat' dir='ltr'><strong>et</strong></span> <span class='ocrx_word' id='word_1_33' title='bbox 1334 476 1549 527; x_wconf 83' lang='lat' dir='ltr'><strong>Drusum</strong></span> 
     </span>
     <span class='ocr_line' id='line_1_6' title="bbox 214 538 1370 602; baseline 0 -15"><span class='ocrx_word' id='word_1_34' title='bbox 214 546 417 600; x_wconf 66' lang='lat' dir='ltr'><strong>senatuis,</strong></span> <span class='ocrx_word' id='word_1_35' title='bbox 443 538 635 587; x_wconf 85' lang='lat' dir='ltr'><strong>Tiberio</strong></span> <span class='ocrx_word' id='word_1_36' title='bbox 656 539 940 601; x_wconf 75' lang='lat' dir='ltr'>criminante,</span> <span class='ocrx_word' id='word_1_37' title='bbox 957 539 1112 588; x_wconf 83' lang='lat' dir='ltr'><strong>hostes</strong></span> <span class='ocrx_word' id='word_1_38' title='bbox 1129 540 1370 602; x_wconf 83' lang='lat' dir='ltr'><strong>judicavit.</strong></span> 
     </span>
    </p>

    <p class='ocr_par' dir='ltr' id='par_1_3' title="bbox 215 599 1549 1178">
     <span class='ocr_line' id='line_1_7' title="bbox 280 599 1546 667; baseline -0.001 -14"><span class='ocrx_word' id='word_1_39' title='bbox 280 599 387 667; x_wconf 82' lang='lat'><strong>(8.)</strong></span> <span class='ocrx_word' id='word_1_40' title='bbox 420 601 476 650; x_wconf 81' lang='lat' dir='ltr'><strong>C.</strong></span> <span class='ocrx_word' id='word_1_41' title='bbox 491 603 647 650; x_wconf 80' lang='lat' dir='ltr'><strong>Oaesar</strong></span> <span class='ocrx_word' id='word_1_42' title='bbox 667 611 804 651; x_wconf 84' lang='lat' dir='ltr'><strong>natus</strong></span> <span class='ocrx_word' id='word_1_43' title='bbox 820 612 889 651; x_wconf 88' lang='lat' dir='ltr'><strong>est</strong></span> <span class='ocrx_word' id='word_1_44' title='bbox 903 603 1053 666; x_wconf 82' lang='lat' dir='ltr'><strong>pridie</strong></span> <span class='ocrx_word' id='word_1_45' title='bbox 1075 603 1305 652; x_wconf 78' lang='lat' dir='ltr'><strong>calendas</strong></span> <span class='ocrx_word' id='word_1_46' title='bbox 1337 605 1546 667; x_wconf 77' lang='lat' dir='ltr'><strong>Septem-</strong></span> 
     </span>
     <span class='ocr_line' id='line_1_8' title="bbox 216 660 1546 730; baseline 0.005 -19"><span class='ocrx_word' id='word_1_47' title='bbox 216 660 333 726; x_wconf 83' lang='lat' dir='ltr'><strong>bres,</strong></span> <span class='ocrx_word' id='word_1_48' title='bbox 365 674 498 727; x_wconf 85' lang='lat' dir='ltr'><strong>patre</strong></span> <span class='ocrx_word' id='word_1_49' title='bbox 529 681 615 714; x_wconf 87' lang='lat' dir='ltr'><strong>suo</strong></span> <span class='ocrx_word' id='word_1_50' title='bbox 636 675 682 713; x_wconf 88' lang='lat' dir='ltr'><strong>et</strong></span> <span class='ocrx_word' id='word_1_51' title='bbox 710 667 766 715; x_wconf 87' lang='grc' dir='ltr'><strong>Ο.</strong></span> <span class='ocrx_word' id='word_1_52' title='bbox 797 668 991 716; x_wconf 82' lang='lat' dir='ltr'><strong>Fonteio</strong></span> <span class='ocrx_word' id='word_1_53' title='bbox 1013 668 1240 730; x_wconf 78' lang='lat' dir='ltr'><strong>Capitone</strong></span> <span class='ocrx_word' id='word_1_54' title='bbox 1261 669 1546 719; x_wconf 78' lang='lat' dir='ltr'><strong>oonsulibus.</strong></span> 
     </span>
     <span class='ocr_line' id='line_1_9' title="bbox 217 728 1547 790; baseline 0.005 -16"><span class='ocrx_word' id='word_1_55' title='bbox 217 728 316 787; x_wconf 86' lang='lat' dir='ltr'><strong>Ubi</strong></span> <span class='ocrx_word' id='word_1_56' title='bbox 337 738 475 779; x_wconf 88' lang='lat' dir='ltr'><strong>natus</strong></span> <span class='ocrx_word' id='word_1_57' title='bbox 497 730 575 790; x_wconf 86' lang='lat' dir='ltr'><strong>sit,</strong></span> <span class='ocrx_word' id='word_1_58' title='bbox 597 732 823 778; x_wconf 77' lang='lat' dir='ltr'><strong>incertum</strong></span> <span class='ocrx_word' id='word_1_59' title='bbox 849 731 1091 779; x_wconf 79' lang='lat' dir='ltr'><strong>diversitas</strong></span> <span class='ocrx_word' id='word_1_60' title='bbox 1120 732 1400 780; x_wconf 79' lang='lat' dir='ltr'><strong>tradentium</strong></span> <span class='ocrx_word' id='word_1_61' title='bbox 1420 733 1547 788; x_wconf 81' lang='lat' dir='ltr'><strong>faeit.</strong></span> 
     </span>
     <span class='ocr_line' id='line_1_10' title="bbox 217 791 1546 858; baseline 0.004 -20"><span class='ocrx_word' id='word_1_62' title='bbox 217 791 303 839; x_wconf 88' lang='lat' dir='ltr'><strong>Cn.</strong></span> <span class='ocrx_word' id='word_1_63' title='bbox 332 793 564 842; x_wconf 83' lang='lat' dir='ltr'><strong>Lentulus</strong></span> <span class='ocrx_word' id='word_1_64' title='bbox 607 795 866 843; x_wconf 64' lang='lat' dir='ltr'><strong>Gaetulicus</strong></span> <span class='ocrx_word' id='word_1_65' title='bbox 905 795 1078 843; x_wconf 84' lang='lat' dir='ltr'><strong>Tiburi</strong></span> <span class='ocrx_word' id='word_1_66' title='bbox 1112 798 1323 858; x_wconf 84' lang='lat' dir='ltr'><strong>genitum</strong></span> <span class='ocrx_word' id='word_1_67' title='bbox 1354 797 1546 855; x_wconf 66' lang='lat' dir='ltr'><strong>scribitg,</strong></span> 
     </span>
     <span class='ocr_line' id='line_1_11' title="bbox 219 855 1549 920; baseline 0.005 -18"><span class='ocrx_word' id='word_1_68' title='bbox 219 855 401 904; x_wconf 86' lang='lat' dir='ltr'><strong>Plinius</strong></span> <span class='ocrx_word' id='word_1_69' title='bbox 424 858 662 907; x_wconf 84' lang='lat' dir='ltr'><strong>Secundus</strong></span> <span class='ocrx_word' id='word_1_70' title='bbox 684 859 735 905; x_wconf 91' lang='lat' dir='ltr'><strong>in</strong></span> <span class='ocrx_word' id='word_1_71' title='bbox 758 859 989 919; x_wconf 82' lang='lat' dir='ltr'><strong>Treveris,</strong></span> <span class='ocrx_word' id='word_1_72' title='bbox 1015 860 1117 907; x_wconf 84' lang='lat' dir='ltr'><strong>vieo</strong></span> <span class='ocrx_word' id='word_1_73' title='bbox 1142 860 1435 920; x_wconf 76' lang='lat' dir='ltr'><strong>Ambiatino,</strong></span> <span class='ocrx_word' id='word_1_74' title='bbox 1470 876 1549 917; x_wconf 49' lang='lat' dir='ltr'><strong>suff</strong></span> 
     </span>
     <span class='ocr_line' id='line_1_12' title="bbox 215 920 1549 1049; baseline 0.002 -19"><span class='ocrx_word' id='word_1_75' title='bbox 215 920 1549 1049; x_wconf 52' lang='lat' dir='ltr'><strong>tssoetfflsffigfflggfflfflmffi</strong></span> 
     </span>
     <span class='ocr_line' id='line_1_13' title="bbox 216 1046 1549 1115; baseline 0.002 -20"><span class='ocrx_word' id='word_1_76' title='bbox 216 1046 464 1110; x_wconf 77' lang='lat' dir='ltr'><strong>versiculi,</strong></span> <span class='ocrx_word' id='word_1_77' title='bbox 488 1051 741 1115; x_wconf 79' lang='lat' dir='ltr'><strong>imperante</strong></span> <span class='ocrx_word' id='word_1_78' title='bbox 762 1066 875 1099; x_wconf 84' lang='lat' dir='ltr'><strong>mox</strong></span> <span class='ocrx_word' id='word_1_79' title='bbox 899 1066 953 1098; x_wconf 88' lang='lat' dir='ltr'><strong>eo</strong></span> <span class='ocrx_word' id='word_1_80' title='bbox 974 1050 1221 1114; x_wconf 74' lang='lat' dir='ltr'><strong>divulgati,</strong></span> <span class='ocrx_word' id='word_1_81' title='bbox 1246 1051 1373 1115; x_wconf 89' lang='lat' dir='ltr'><strong>apud</strong></span> <span class='ocrx_word' id='word_1_82' title='bbox 1394 1050 1549 1099; x_wconf 79' lang='lat' dir='ltr'><strong>hiber-</strong></span> 
     </span>
     <span class='ocr_line' id='line_1_14' title="bbox 216 1113 1103 1178; baseline 0.006 -20"><span class='ocrx_word' id='word_1_83' title='bbox 216 1126 301 1160; x_wconf 83' lang='lat' dir='ltr'><strong>nas</strong></span> <span class='ocrx_word' id='word_1_84' title='bbox 321 1113 526 1176; x_wconf 85' lang='lat' dir='ltr'><strong>legiones</strong></span> <span class='ocrx_word' id='word_1_85' title='bbox 554 1124 842 1178; x_wconf 82' lang='lat' dir='ltr'><strong>procreatum</strong></span> <span class='ocrx_word' id='word_1_86' title='bbox 868 1115 1103 1163; x_wconf 78' lang='lat' dir='ltr'><strong>indicant:</strong></span> 
     </span>
    </p>
   </div>
   <div class='ocr_carea' id='block_1_3' title="bbox 281 1208 1421 1338">
    <p class='ocr_par' dir='ltr' id='par_1_4' title="bbox 281 1208 1421 1338">
     <span class='ocr_line' id='line_1_15' title="bbox 281 1208 1421 1273; baseline 0.004 -18"><span class='ocrx_word' id='word_1_87' title='bbox 281 1210 317 1238; x_wconf 80' lang='lat'><strong>‘⁶</strong></span> <span class='ocrx_word' id='word_1_88' title='bbox 340 1208 402 1255; x_wconf 92' lang='lat' dir='ltr'><strong>In</strong></span> <span class='ocrx_word' id='word_1_89' title='bbox 422 1209 584 1257; x_wconf 80' lang='lat' dir='ltr'><strong>eastris</strong></span> <span class='ocrx_word' id='word_1_90' title='bbox 603 1218 758 1272; x_wconf 84' lang='lat' dir='ltr'><strong>natus,</strong></span> <span class='ocrx_word' id='word_1_91' title='bbox 781 1211 946 1272; x_wconf 83' lang='lat' dir='ltr'><strong>patriis</strong></span> <span class='ocrx_word' id='word_1_92' title='bbox 967 1210 1174 1259; x_wconf 81' lang='lat' dir='ltr'><strong>nutritus</strong></span> <span class='ocrx_word' id='word_1_93' title='bbox 1193 1210 1245 1258; x_wconf 88' lang='lat' dir='ltr'><strong>in</strong></span> <span class='ocrx_word' id='word_1_94' title='bbox 1264 1213 1421 1273; x_wconf 83' lang='lat' dir='ltr'><strong>armis,</strong></span> 
     </span>
     <span class='ocr_line' id='line_1_16' title="bbox 405 1273 1360 1338; baseline 0.002 -17"><span class='ocrx_word' id='word_1_95' title='bbox 405 1273 444 1321; x_wconf 83' lang='lat' dir='ltr'><strong>J</strong></span> <span class='ocrx_word' id='word_1_96' title='bbox 447 1288 524 1321; x_wconf 89' lang='lat' dir='ltr'><strong>am</strong></span> <span class='ocrx_word' id='word_1_97' title='bbox 544 1274 774 1337; x_wconf 83' lang='lat' dir='ltr'><strong>designati</strong></span> <span class='ocrx_word' id='word_1_98' title='bbox 797 1275 1031 1338; x_wconf 85' lang='lat' dir='ltr'><strong>Principis</strong></span> <span class='ocrx_word' id='word_1_99' title='bbox 1054 1290 1190 1323; x_wconf 89' lang='lat' dir='ltr'><strong>omen</strong></span> <span class='ocrx_word' id='word_1_100' title='bbox 1211 1278 1360 1323; x_wconf 85' lang='lat' dir='ltr'><strong>erat.”</strong></span> 
     </span>
    </p>
   </div>
   <div class='ocr_carea' id='block_1_4' title="bbox 212 1369 1565 2719">
    <p class='ocr_par' dir='ltr' id='par_1_5' title="bbox 214 1369 1558 2269">
     <span class='ocr_line' id='line_1_17' title="bbox 217 1369 1551 1434; baseline 0.003 -16"><span class='ocrx_word' id='word_1_101' title='bbox 217 1369 323 1432; x_wconf 85' lang='lat' dir='ltr'><strong>Ego</strong></span> <span class='ocrx_word' id='word_1_102' title='bbox 344 1372 395 1417; x_wconf 89' lang='lat' dir='ltr'><strong>in</strong></span> <span class='ocrx_word' id='word_1_103' title='bbox 416 1371 571 1432; x_wconf 79' lang='lat' dir='ltr'><strong>Actis,</strong></span> <span class='ocrx_word' id='word_1_104' title='bbox 602 1371 745 1420; x_wconf 87' lang='lat' dir='ltr'><strong>Antii</strong></span> <span class='ocrx_word' id='word_1_105' title='bbox 770 1372 966 1434; x_wconf 85' lang='lat' dir='ltr'><strong>editum,</strong></span> <span class='ocrx_word' id='word_1_106' title='bbox 997 1372 1197 1421; x_wconf 80' lang='lat' dir='ltr'><strong>invenio.</strong></span> <span class='ocrx_word' id='word_1_107' title='bbox 1265 1373 1551 1423; x_wconf 73' lang='lat' dir='ltr'><strong>Gaetulicum</strong></span> 
     </span>
     <span class='ocr_line' id='line_1_18' title="bbox 217 1433 1551 1499; baseline 0.004 -18"><span class='ocrx_word' id='word_1_108' title='bbox 217 1435 386 1482; x_wconf 83' lang='lat' dir='ltr'><strong>refellit</strong></span> <span class='ocrx_word' id='word_1_109' title='bbox 409 1435 611 1497; x_wconf 87' lang='lat' dir='ltr'><strong>Plinius,</strong></span> <span class='ocrx_word' id='word_1_110' title='bbox 636 1438 773 1499; x_wconf 86' lang='lat' dir='ltr'><strong>quasi</strong></span> <span class='ocrx_word' id='word_1_111' title='bbox 792 1433 1042 1484; x_wconf 80' lang='lat' dir='ltr'><strong>mentitum</strong></span> <span class='ocrx_word' id='word_1_112' title='bbox 1053 1452 1135 1499; x_wconf 85' lang='lat' dir='ltr'><strong>per</strong></span> <span class='ocrx_word' id='word_1_113' title='bbox 1151 1437 1480 1499; x_wconf 71' lang='lat' dir='ltr'><strong>adulationem,</strong></span> <span class='ocrx_word' id='word_1_114' title='bbox 1498 1446 1551 1486; x_wconf 86' lang='lat' dir='ltr'><strong>ut</strong></span> 
     </span>
     <span class='ocr_line' id='line_1_19' title="bbox 217 1498 1551 1567; baseline 0.003 -21"><span class='ocrx_word' id='word_1_115' title='bbox 217 1498 278 1547; x_wconf 82' lang='lat' dir='ltr'><strong>ad</strong></span> <span class='ocrx_word' id='word_1_116' title='bbox 297 1499 462 1547; x_wconf 84' lang='lat' dir='ltr'><strong>laudes</strong></span> <span class='ocrx_word' id='word_1_117' title='bbox 479 1500 665 1563; x_wconf 88' lang='lat' dir='ltr'><strong>juvenis</strong></span> <span class='ocrx_word' id='word_1_118' title='bbox 676 1500 956 1564; x_wconf 87' lang='lat' dir='ltr'><strong>gloriosique</strong></span> <span class='ocrx_word' id='word_1_119' title='bbox 970 1501 1203 1565; x_wconf 87' lang='lat' dir='ltr'><strong>Principis</strong></span> <span class='ocrx_word' id='word_1_120' title='bbox 1216 1502 1393 1567; x_wconf 81' lang='lat' dir='ltr'><strong>aliquid</strong></span> <span class='ocrx_word' id='word_1_121' title='bbox 1410 1503 1551 1551; x_wconf 84' lang='lat' dir='ltr'><strong>etiam</strong></span> 
     </span>
     <span class='ocr_line' id='line_1_20' title="bbox 218 1564 1552 1630; baseline 0.003 -19"><span class='ocrx_word' id='word_1_122' title='bbox 218 1580 276 1611; x_wconf 88' lang='lat' dir='ltr'><strong>ex</strong></span> <span class='ocrx_word' id='word_1_123' title='bbox 299 1567 414 1612; x_wconf 89' lang='lat' dir='ltr'><strong>urbe</strong></span> <span class='ocrx_word' id='word_1_124' title='bbox 436 1564 632 1612; x_wconf 83' lang='lat' dir='ltr'><strong>Herculi</strong></span> <span class='ocrx_word' id='word_1_125' title='bbox 654 1565 784 1613; x_wconf 62' lang='lat' dir='ltr'><strong>saera</strong></span> <span class='ocrx_word' id='word_1_126' title='bbox 795 1573 1026 1624; x_wconf 88' lang='lat' dir='ltr'><strong>sumeret;</strong></span> <span class='ocrx_word' id='word_1_127' title='bbox 1062 1568 1357 1630; x_wconf 80' lang='lat' dir='ltr'><strong>abusumque</strong></span> <span class='ocrx_word' id='word_1_128' title='bbox 1377 1567 1552 1615; x_wconf 85' lang='lat' dir='ltr'><strong>auden-</strong></span> 
     </span>
     <span class='ocr_line' id='line_1_21' title="bbox 214 1628 1553 1696; baseline 0.003 -21"><span class='ocrx_word' id='word_1_129' title='bbox 214 1629 311 1690; x_wconf 72' lang='lat' dir='ltr'><strong>tius</strong></span> <span class='ocrx_word' id='word_1_130' title='bbox 333 1628 596 1696; x_wconf 54' lang='lat' dir='ltr'><strong>mendacio,k</strong></span> <span class='ocrx_word' id='word_1_131' title='bbox 615 1629 743 1692; x_wconf 88' lang='lat' dir='ltr'><strong>quod</strong></span> <span class='ocrx_word' id='word_1_132' title='bbox 763 1637 870 1677; x_wconf 86' lang='lat' dir='ltr'><strong>ante</strong></span> <span class='ocrx_word' id='word_1_133' title='bbox 889 1644 1067 1677; x_wconf 86' lang='lat' dir='ltr'><strong>annum</strong></span> <span class='ocrx_word' id='word_1_134' title='bbox 1087 1630 1180 1679; x_wconf 85' lang='lat' dir='ltr'><strong>fere</strong></span> <span class='ocrx_word' id='word_1_135' title='bbox 1199 1639 1337 1679; x_wconf 82' lang='lat' dir='ltr'><strong>natus</strong></span> <span class='ocrx_word' id='word_1_136' title='bbox 1359 1632 1553 1680; x_wconf 70' lang='lat' dir='ltr'><strong>Genna-</strong></span> 
     </span>
     <span class='ocr_line' id='line_1_22' title="bbox 214 1692 1554 1758; baseline 0.002 -17"><span class='ocrx_word' id='word_1_137' title='bbox 214 1694 322 1754; x_wconf 77' lang='lat' dir='ltr'><strong>nieo</strong></span> <span class='ocrx_word' id='word_1_138' title='bbox 344 1692 473 1740; x_wconf 87' lang='lat' dir='ltr'><strong>filius</strong></span> <span class='ocrx_word' id='word_1_139' title='bbox 497 1693 668 1740; x_wconf 84' lang='lat' dir='ltr'><strong>Tiburi</strong></span> <span class='ocrx_word' id='word_1_140' title='bbox 697 1694 863 1754; x_wconf 80' lang='lat' dir='ltr'><strong>fuerat,</strong></span> <span class='ocrx_word' id='word_1_141' title='bbox 900 1694 1162 1757; x_wconf 86' lang='lat' dir='ltr'><strong>appellatus</strong></span> <span class='ocrx_word' id='word_1_142' title='bbox 1187 1704 1233 1743; x_wconf 89' lang='lat' dir='ltr'><strong>et</strong></span> <span class='ocrx_word' id='word_1_143' title='bbox 1251 1695 1351 1758; x_wconf 84' lang='lat' dir='ltr'><strong>ipse</strong></span> <span class='ocrx_word' id='word_1_144' title='bbox 1379 1696 1434 1744; x_wconf 88' lang='lat' dir='ltr'><strong>C.</strong></span> <span class='ocrx_word' id='word_1_145' title='bbox 1450 1696 1554 1745; x_wconf 75' lang='lat' dir='ltr'><strong>(3ae-</strong></span> 
     </span>
     <span class='ocr_line' id='line_1_23' title="bbox 215 1757 1554 1822; baseline 0.003 -18"><span class='ocrx_word' id='word_1_146' title='bbox 215 1772 322 1815; x_wconf 69' lang='lat' dir='ltr'><strong>sarg</strong></span> <span class='ocrx_word' id='word_1_147' title='bbox 359 1757 418 1804; x_wconf 88' lang='lat' dir='ltr'><strong>de</strong></span> <span class='ocrx_word' id='word_1_148' title='bbox 447 1759 582 1819; x_wconf 82' lang='lat' dir='ltr'><strong>eujus</strong></span> <span class='ocrx_word' id='word_1_149' title='bbox 608 1758 802 1805; x_wconf 87' lang='lat' dir='ltr'><strong>amabili</strong></span> <span class='ocrx_word' id='word_1_150' title='bbox 822 1759 1025 1821; x_wconf 60' lang='lat' dir='ltr'><strong>pueritia</strong></span> <span class='ocrx_word' id='word_1_151' title='bbox 1052 1760 1393 1822; x_wconf 82' lang='lat' dir='ltr'><strong>immaturoque</strong></span> <span class='ocrx_word' id='word_1_152' title='bbox 1419 1761 1554 1808; x_wconf 88' lang='lat' dir='ltr'><strong>obitu</strong></span> 
     </span>
     <span class='ocr_line' id='line_1_24' title="bbox 217 1821 1553 1885; baseline 0.001 -16"><span class='ocrx_word' id='word_1_153' title='bbox 217 1837 362 1884; x_wconf 83' lang='lat' dir='ltr'><strong>supra</strong></span> <span class='ocrx_word' id='word_1_154' title='bbox 395 1821 619 1869; x_wconf 83' lang='lat' dir='ltr'><strong>diximus.</strong></span> <span class='ocrx_word' id='word_1_155' title='bbox 686 1822 897 1870; x_wconf 89' lang='lat' dir='ltr'><strong>Plinium</strong></span> <span class='ocrx_word' id='word_1_156' title='bbox 929 1824 1087 1885; x_wconf 88' lang='lat' dir='ltr'><strong>arguit</strong></span> <span class='ocrx_word' id='word_1_157' title='bbox 1121 1825 1240 1871; x_wconf 87' lang='lat' dir='ltr'><strong>ratio</strong></span> <span class='ocrx_word' id='word_1_158' title='bbox 1276 1831 1553 1885; x_wconf 74' lang='lat' dir='ltr'><strong>temporumi.</strong></span> 
     </span>
     <span class='ocr_line' id='line_1_25' title="bbox 219 1885 1555 1949; baseline 0 -16"><span class='ocrx_word' id='word_1_159' title='bbox 219 1886 368 1948; x_wconf 86' lang='lat' dir='ltr'><strong>Nam,</strong></span> <span class='ocrx_word' id='word_1_160' title='bbox 387 1887 474 1949; x_wconf 87' lang='lat' dir='ltr'><strong>qui</strong></span> <span class='ocrx_word' id='word_1_161' title='bbox 484 1895 555 1934; x_wconf 81' lang='lat' dir='ltr'><strong>&#39;res</strong></span> <span class='ocrx_word' id='word_1_162' title='bbox 570 1885 783 1948; x_wconf 81' lang='lat' dir='ltr'><strong>Augusti</strong></span> <span class='ocrx_word' id='word_1_163' title='bbox 803 1887 1039 1934; x_wconf 84' lang='lat' dir='ltr'><strong>memoriae</strong></span> <span class='ocrx_word' id='word_1_164' title='bbox 1050 1887 1346 1946; x_wconf 58' lang='lat' dir='ltr'><strong>mandarunt,</strong></span> <span class='ocrx_word' id='word_1_165' title='bbox 1361 1886 1555 1934; x_wconf 80' lang='lat' dir='ltr'><strong>Germa-</strong></span> 
     </span>
     <span class='ocr_line' id='line_1_26' title="bbox 214 1949 1553 2010; baseline -0.002 -12"><span class='ocrx_word' id='word_1_166' title='bbox 214 1951 382 2010; x_wconf 73' lang='lat' dir='ltr'><strong>nicum</strong></span> <span class='ocrx_word' id='word_1_167' title='bbox 413 1958 576 1998; x_wconf 86' lang='lat' dir='ltr'><strong>exacto</strong></span> <span class='ocrx_word' id='word_1_168' title='bbox 604 1950 846 1998; x_wconf 80' lang='lat' dir='ltr'><strong>consulatu</strong></span> <span class='ocrx_word' id='word_1_169' title='bbox 881 1950 930 1997; x_wconf 90' lang='lat' dir='ltr'><strong>in</strong></span> <span class='ocrx_word' id='word_1_170' title='bbox 953 1949 1162 1997; x_wconf 83' lang='lat' dir='ltr'><strong>Galliam</strong></span> <span class='ocrx_word' id='word_1_171' title='bbox 1194 1950 1410 2009; x_wconf 85' lang='lat' dir='ltr'><strong>missum,</strong></span> <span class='ocrx_word' id='word_1_172' title='bbox 1446 1964 1553 1997; x_wconf 84' lang='lat' dir='ltr'><strong>eon.</strong></span> 
     </span>
     <span class='ocr_line' id='line_1_27' title="bbox 218 2013 1556 2077; baseline -0.002 -15"><span class='ocrx_word' id='word_1_173' title='bbox 218 2016 446 2074; x_wconf 83' lang='lat' dir='ltr'><strong>sentiunt,</strong></span> <span class='ocrx_word' id='word_1_174' title='bbox 465 2016 567 2077; x_wconf 86' lang='lat' dir='ltr'><strong>jam</strong></span> <span class='ocrx_word' id='word_1_175' title='bbox 588 2022 698 2062; x_wconf 88' lang='lat' dir='ltr'><strong>nato</strong></span> <span class='ocrx_word' id='word_1_176' title='bbox 720 2015 850 2062; x_wconf 86' lang='lat' dir='ltr'><strong>Caio.</strong></span> <span class='ocrx_word' id='word_1_177' title='bbox 908 2014 1010 2062; x_wconf 84' lang='lat' dir='ltr'><strong>Nec</strong></span> <span class='ocrx_word' id='word_1_178' title='bbox 1032 2013 1180 2060; x_wconf 89' lang='lat' dir='ltr'><strong>Plinii</strong></span> <span class='ocrx_word' id='word_1_179' title='bbox 1201 2029 1231 2061; x_wconf 93' lang='lat' dir='ltr'><strong>o</strong></span> <span class='ocrx_word' id='word_1_180' title='bbox 1263 2014 1466 2061; x_wconf 91' lang='lat' dir='ltr'><strong>inionem</strong></span> <span class='ocrx_word' id='word_1_181' title='bbox 1482 2014 1556 2061; x_wconf 85' lang='lat' dir='ltr'><strong>in.</strong></span> 
     </span>
     <span class='ocr_line' id='line_1_28' title="bbox 214 2077 1558 2141; baseline 0 -15"><span class='ocrx_word' id='word_1_182' title='bbox 214 2077 516 2141; x_wconf 78' lang='lat' dir='ltr'><strong>&#39;scriptioarae</strong></span> <span class='ocrx_word' id='word_1_183' title='bbox 537 2078 796 2141; x_wconf 87' lang='lat' dir='ltr'><strong>quidquam</strong></span> <span class='ocrx_word' id='word_1_184' title='bbox 818 2078 1062 2140; x_wconf 82' lang='lat' dir='ltr'><strong>adjuverit,</strong></span> <span class='ocrx_word' id='word_1_185' title='bbox 1088 2092 1197 2125; x_wconf 87' lang='lat' dir='ltr'><strong>cum</strong></span> <span class='ocrx_word' id='word_1_186' title='bbox 1256 2078 1473 2140; x_wconf 85' lang='lat' dir='ltr'><strong>grippina</strong></span> <span class='ocrx_word' id='word_1_187' title='bbox 1483 2078 1558 2126; x_wconf 82' lang='lat' dir='ltr'><strong>bis</strong></span> 
     </span>
     <span class='ocr_line' id='line_1_29' title="bbox 216 2137 1554 2269; baseline 0.001 -15"><span class='ocrx_word' id='word_1_188' title='bbox 216 2137 1554 2269; x_wconf 43' lang='lat' dir='ltr'><strong>amnestiam*⁸{t‘cf‘pzumfflss0-”m22mvzm1m52</strong></span> 
     </span>
    </p>

    <p class='ocr_par' dir='ltr' id='par_1_6' title="bbox 212 2241 1565 2719">
     <span class='ocr_line' id='line_1_30' title="bbox 1536 2241 1554 2264; baseline 0 0"><span class='ocrx_word' id='word_1_189' title='bbox 1536 2241 1554 2264; x_wconf 72' lang='lat'><em>2</em></span> 
     </span>
     <span class='ocr_line' id='line_1_31' title="bbox 212 2263 1558 2333; baseline -0.001 -14"><span class='ocrx_word' id='word_1_190' title='bbox 212 2263 354 2333; x_wconf 36' lang='lat' dir='ltr'><strong>*quod</strong></span> <span class='ocrx_word' id='word_1_191' title='bbox 368 2272 554 2333; x_wconf 86' lang='lat' dir='ltr'><strong>antiqui</strong></span> <span class='ocrx_word' id='word_1_192' title='bbox 575 2272 714 2320; x_wconf 80' lang='lat' dir='ltr'><strong>etiam</strong></span> <span class='ocrx_word' id='word_1_193' title='bbox 737 2270 917 2333; x_wconf 82' lang='lat' dir='ltr'><strong>puellas</strong></span> <span class='ocrx_word' id='word_1_194' title='bbox 941 2271 976 2299; x_wconf 90' lang='lat'><strong>“</strong></span> <span class='ocrx_word' id='word_1_195' title='bbox 999 2271 1216 2333; x_wconf 79' lang='lat' dir='ltr'><strong>pueras,”</strong></span> <span class='ocrx_word' id='word_1_196' title='bbox 1240 2270 1362 2317; x_wconf 86' lang='lat' dir='ltr'><strong>sicut</strong></span> <span class='ocrx_word' id='word_1_197' title='bbox 1382 2278 1429 2316; x_wconf 86' lang='lat' dir='ltr'><strong>et</strong></span> <span class='ocrx_word' id='word_1_198' title='bbox 1442 2284 1558 2332; x_wconf 88' lang='lat' dir='ltr'><strong>pue-</strong></span> 
     </span>
     <span class='ocr_line' id='line_1_32' title="bbox 216 2333 1559 2397; baseline -0.002 -14"><span class='ocrx_word' id='word_1_199' title='bbox 216 2350 296 2383; x_wconf 84' lang='lat' dir='ltr'><strong>ros</strong></span> <span class='ocrx_word' id='word_1_200' title='bbox 321 2337 359 2364; x_wconf 80' lang='lat'><strong>‘⁶</strong></span> <span class='ocrx_word' id='word_1_201' title='bbox 378 2333 615 2397; x_wconf 76' lang='lat' dir='ltr'><strong>puellos‚”</strong></span> <span class='ocrx_word' id='word_1_202' title='bbox 648 2334 921 2383; x_wconf 83' lang='lat' dir='ltr'><strong>dictitarent.</strong></span> <span class='ocrx_word' id='word_1_203' title='bbox 979 2334 1153 2382; x_wconf 82' lang='lat' dir='ltr'><strong>Exstat</strong></span> <span class='ocrx_word' id='word_1_204' title='bbox 1172 2341 1219 2381; x_wconf 91' lang='lat' dir='ltr'><strong>et</strong></span> <span class='ocrx_word' id='word_1_205' title='bbox 1232 2333 1445 2396; x_wconf 86' lang='lat' dir='ltr'><strong>Augusti</strong></span> <span class='ocrx_word' id='word_1_206' title='bbox 1460 2334 1559 2396; x_wconf 87' lang='lat' dir='ltr'><strong>epi-</strong></span> 
     </span>
     <span class='ocr_line' id='line_1_33' title="bbox 212 2398 1559 2464; baseline -0.003 -16"><span class='ocrx_word' id='word_1_207' title='bbox 212 2400 363 2464; x_wconf 79' lang='lat' dir='ltr'><strong>stola,</strong></span> <span class='ocrx_word' id='word_1_208' title='bbox 377 2407 486 2446; x_wconf 86' lang='lat' dir='ltr'><strong>ante</strong></span> <span class='ocrx_word' id='word_1_209' title='bbox 498 2413 687 2461; x_wconf 85' lang='lat' dir='ltr'><strong>paucos,</strong></span> <span class='ocrx_word' id='word_1_210' title='bbox 707 2415 850 2462; x_wconf 88' lang='lat' dir='ltr'><strong>quam</strong></span> <span class='ocrx_word' id='word_1_211' title='bbox 865 2398 1027 2458; x_wconf 87' lang='lat' dir='ltr'><strong>obiret,</strong></span> <span class='ocrx_word' id='word_1_212' title='bbox 1044 2413 1238 2460; x_wconf 85' lang='lat' dir='ltr'><strong>menses,</strong></span> <span class='ocrx_word' id='word_1_213' title='bbox 1257 2398 1317 2446; x_wconf 83' lang='lat' dir='ltr'><strong>ad</strong></span> <span class='ocrx_word' id='word_1_214' title='bbox 1331 2398 1559 2460; x_wconf 87' lang='lat' dir='ltr'><strong>Agrippi-</strong></span> 
     </span>
     <span class='ocr_line' id='line_1_34' title="bbox 218 2462 1557 2539; baseline -0.001 -28"><span class='ocrx_word' id='word_1_215' title='bbox 218 2479 335 2511; x_wconf 84' lang='lat' dir='ltr'><strong>nam</strong></span> <span class='ocrx_word' id='word_1_216' title='bbox 362 2471 549 2526; x_wconf 85' lang='lat' dir='ltr'><strong>neptem</strong></span> <span class='ocrx_word' id='word_1_217' title='bbox 573 2465 642 2511; x_wconf 86' lang='lat' dir='ltr'><strong>ita</strong></span> <span class='ocrx_word' id='word_1_218' title='bbox 662 2465 834 2527; x_wconf 82' lang='lat' dir='ltr'><strong>scripta</strong></span> <span class='ocrx_word' id='word_1_219' title='bbox 852 2463 911 2511; x_wconf 90' lang='lat' dir='ltr'><strong>de</strong></span> <span class='ocrx_word' id='word_1_220' title='bbox 941 2463 1059 2511; x_wconf 87' lang='lat' dir='ltr'><strong>Caio</strong></span> <span class='ocrx_word' id='word_1_221' title='bbox 1089 2462 1195 2524; x_wconf 87' lang='lat' dir='ltr'><strong>hoc,</strong></span> <span class='ocrx_word' id='word_1_222' title='bbox 1231 2462 1404 2539; x_wconf 76' lang='lat' dir='ltr'><strong>(neque</strong></span> <span class='ocrx_word' id='word_1_223' title='bbox 1432 2462 1557 2509; x_wconf 90' lang='lat' dir='ltr'><strong>enim</strong></span> 
     </span>
     <span class='ocr_line' id='line_1_35' title="bbox 219 2653 1565 2719; baseline -0.001 -15"><span class='ocrx_word' id='word_1_224' title='bbox 219 2655 257 2710; x_wconf 83' lang='lat' dir='ltr'>J</span> <span class='ocrx_word' id='word_1_225' title='bbox 262 2655 385 2718; x_wconf 84' lang='lat' dir='ltr'><strong>unii,</strong></span> <span class='ocrx_word' id='word_1_226' title='bbox 421 2670 464 2704; x_wconf 75' lang='lat' dir='ltr'><strong>si</strong></span> <span class='ocrx_word' id='word_1_227' title='bbox 483 2655 570 2704; x_wconf 88' lang='lat' dir='ltr'><strong>Dii</strong></span> <span class='ocrx_word' id='word_1_228' title='bbox 594 2654 764 2719; x_wconf 86' lang='lat' dir='ltr'><strong>volent,</strong></span> <span class='ocrx_word' id='word_1_229' title='bbox 797 2663 853 2704; x_wconf 87' lang='lat' dir='ltr'><strong>ut</strong></span> <span class='ocrx_word' id='word_1_230' title='bbox 872 2654 1091 2704; x_wconf 84' lang='lat' dir='ltr'><strong>ducerent</strong></span> <span class='ocrx_word' id='word_1_231' title='bbox 1112 2654 1330 2706; x_wconf 83' lang='lat' dir='ltr'><strong>Talarius</strong></span> <span class='ocrx_word' id='word_1_232' title='bbox 1359 2663 1406 2704; x_wconf 88' lang='lat' dir='ltr'><strong>et</strong></span> <span class='ocrx_word' id='word_1_233' title='bbox 1426 2653 1565 2706; x_wconf 84' lang='lat' dir='ltr'><strong>Asel-</strong></span> 
     </span>
    </p>
   </div>
  </div>
 </body>
</html>
