1950 3100
374 145 437 192 84
681 142 817 207 (11.)
881 138 1263 189 AUGUSTUS·
1330 140 1410 187 eo.

378 271 500 318 ultra
520 270 722 332 primam
744 283 866 330 saepe
885 269 1055 316 lucem.
1106 267 1210 314 Nec
1221 267 1276 313 in
1288 265 1487 313 mebris
1499 264 1720 328 vigilavit

380 349 606 395 unquam,
643 333 735 380 nisi
770 332 998 380 assidente
1027 331 1202 393 aliquo.
1268 330 1511 378 Mamtinfi.
1548 331 1718 392 vigilia

378 397 723 445 offendebatur:
758 411 829 456 ac,
853 396 911 456 si,
936 395 1011 443 vel
1039 394 1182 442 officii
1210 394 1284 442 vel
1308 395 1426 442 sacri
1450 394 1590 442 causa
1609 409 1715 442 ma-
1789 394 1798 415 ¹

379 462 530 508 tutius
559 459 875 522 evigilandum
906 467 1041 518 esset,
1064 473 1122 505 ne
1151 458 1204 505 id
1232 466 1389 505 contre
1413 458 1717 506 commodum
1741 511 1746 515 ,

381 523 564 582 faceret,
582 525 633 570 in
653 524 868 586 proximo
887 525 1226 585 cujuscumque
1245 521 1601 570 domesticorum
1624 538 1717 570 ooe-

382 588 548 636 naculo
569 590 815 645 manebatg
850 589 916 635 sic
937 601 1126 649 quoque
1148 601 1284 648 saepe,
1309 586 1520 648 indigens
1541 587 1714 646 somni,

379 659 441 712 et,
465 652 580 699 dum
609 667 690 714 per
717 653 842 699 vicos
870 651 1202 713 deportaretur,
1225 657 1272 696 et
1300 649 1511 713 deposita
1531 649 1715 709 lectica,

378 716 498 765 inter
518 716 699 778 aliquas
721 731 873 763 moras
894 715 1251 762 condormiebat.

445 779 583 845 (79.)
621 779 791 828 Forma
823 779 917 827 fuit
949 776 1138 838 eximia,
1174 786 1222 825 et
1253 793 1336 840 per
1368 791 1527 825 omnes
1562 777 1717 825 etatis

381 844 553 906 gradus
574 843 924 900 venustissimiig
950 856 1241 905 quamquam
1261 849 1308 888 et
1326 842 1479 889 omnis
1498 841 1720 889 lenocinii

383 909 637 972 negligens,
661 916 708 955 et
725 909 778 955 in
803 909 952 972 capite
983 905 1205 954 comendo
1235 913 1333 953 tam
1362 906 1641 964 inmriosus,
1665 914 1724 953 ut

382 969 1720 1097 &telunga-effluam&

383 1109 588 1165 tempore
625 1110 710 1149 aut
745 1102 913 1164 legeret
949 1098 1147 1160 aliquid,
1188 1106 1271 1144 aut
1306 1099 1447 1145 etiam
1485 1097 1719 1145 scriberet.

382 1164 539 1214 Vultu
569 1173 681 1226 erat,
707 1166 784 1213 vel
813 1165 864 1212 in
895 1177 1117 1223 sermone,
1151 1162 1225 1210 vel
1244 1162 1430 1221 tacitus,
1454 1160 1570 1209 adeo
1591 1169 1720 1208 uan-

381 1229 532 1290 quillo
554 1244 818 1292 serenoque,
834 1236 890 1276 ut
911 1227 1105 1290 quidam
1118 1241 1144 1273 e
1155 1226 1436 1289 primoribus
1451 1224 1719 1273 Galliarum

384 1292 618 1340 confessus
645 1294 708 1340 sit
728 1294 846 1339 inter
867 1306 993 1351 suos,
1017 1306 1072 1338 eo
1093 1306 1141 1338 se
1162 1290 1416 1337 inhibitum
1436 1304 1492 1337 ac
1512 1289 1722 1336 remolli-

383 1363 504 1415 tum‚
521 1355 788 1418 quominus,
814 1354 892 1420 (ut
910 1353 1183 1418 destinarat)
1205 1355 1255 1401 in
1276 1355 1473 1401 transitu
1493 1353 1719 1414 Alpium,

381 1433 464 1480 per
501 1419 848 1466 simulationem
891 1411 1114 1481 colloquii
1155 1418 1347 1481 propius
1384 1416 1634 1476 admissus,
1669 1418 1722 1464 in

381 1482 694 1544 praecipitium
726 1482 1011 1545 propelleret.
1079 1482 1257 1532 Oculos
1287 1482 1457 1529 habuit
1487 1481 1636 1529 claros
1667 1497 1723 1529 ac

381 1546 570 1606 nitido&
590 1547 763 1610 quibus
783 1547 926 1595 etiam
942 1547 1200 1595 existimari
1214 1546 1400 1594 volebat
1415 1546 1563 1593 inesse
1579 1546 1724 1608 quid-

381 1610 492 1657 dam
514 1612 661 1659 divini
684 1612 885 1673 vigori83
914 1611 1256 1674 gaudebatque,
1271 1612 1312 1658 si
1328 1611 1436 1673 quis
1458 1610 1552 1657 sibi
1568 1612 1723 1658 acrius

380 1676 634 1734 contuenti,
669 1677 804 1738 quasi
825 1675 886 1723 ad
907 1676 1137 1738 fulgorem
1158 1675 1287 1735 solis,
1313 1674 1498 1722 vultum
1519 1676 1725 1722 submit-

378 1746 520 1797 teret3
555 1739 651 1801 sed,
675 1741 725 1786 in
746 1740 942 1799 senecta,
965 1740 1151 1787 sinistro
1171 1740 1328 1786 minus
1350 1738 1484 1787 vidit.
1540 1737 1723 1787 Dentes

377 1817 520 1864 mos,
535 1812 582 1851 et
591 1805 803 1867 exiguos,
819 1812 866 1851 et
877 1806 1075 1864 scabros,
1087 1802 1312 1865 capillum
1318 1801 1479 1850 leniter
1489 1801 1722 1850 inflexum

379 1875 427 1914 et
448 1868 731 1928 subflavum,
754 1868 1003 1930 supercilia
1013 1870 1275 1930 conjuncta,
1297 1866 1550 1913 mediocres
1567 1880 1722 1926 aures,

378 1946 549 1981 nasum
569 1941 617 1980 et
637 1947 668 1980 a
688 1947 874 1981 summo
893 1932 1255 1990 eminentiorem,
1279 1939 1327 1977 et
1346 1932 1406 1978 ab
1426 1930 1525 1978 imo
1545 1930 1721 1979 deduc-

380 1996 561 2058 tiorem,
584 1997 784 2045 colorem
805 1998 924 2043 inter
944 1996 1159 2058 aquilum
1182 1994 1545 2056 candidumque,
1571 2003 1721 2043 statu·

380 2076 482 2108 ram
493 2064 695 2123 brevem,
708 2061 875 2126 (quam
888 2069 1045 2108 tamen
1057 2058 1223 2107 Julius
1238 2058 1489 2106 Marathus
1503 2058 1721 2118 libertus,

379 2124 431 2171 in
452 2127 677 2174 memoria
697 2128 817 2188 ejus,
831 2125 1042 2187 quinque
1063 2122 1237 2185 pedum
1253 2130 1300 2169 et
1314 2122 1553 2170 dodrantis
1575 2121 1722 2170 fuisoe

378 2187 543 2252 tradit)
555 2189 636 2236 sed
645 2204 751 2251 quae
767 2188 1095 2237 commoditate
1108 2194 1155 2234 et
1169 2187 1388 2249 aequitste
1402 2187 1721 2233 membrorum

378 2252 674 2311 occuleretur,
696 2261 753 2300 ut
781 2267 876 2300 non
906 2252 999 2299 nisi
1029 2266 1088 2298 ex
1120 2251 1459 2313 comparatione
1490 2248 1721 2312 adstantis

379 2315 583 2378 alicujus
606 2317 874 2378 procerioris
894 2315 1093 2377 intelligi
1116 2322 1285 2378 posset.

446 2378 585 2443 (80.)
627 2380 829 2442 Corpore
861 2380 1060 2428 tradituu
1092 2378 1347 2439 maculem
1385 2377 1609 2440 dispessis
1642 2391 1724 2440 per

380 2452 542 2505 pectus
577 2451 719 2506 atque
752 2443 914 2491 alvum
947 2442 1165 2507 genitivis
1195 2444 1335 2503 notis,
1365 2442 1416 2489 in
1431 2440 1645 2489 modum
1677 2449 1724 2488 et

381 2506 591 2554 ordinem
613 2522 935 2555 acnumerum
956 2507 1196 2556 stellarum
1218 2506 1413 2555 coelestis
1436 2505 1605 2563 Ursae3
1641 2504 1725 2552 sed

381 2576 429 2618 et
451 2570 583 2616 cauis
644 2570 911 2629 uibusdam,
936 2586 997 2619 ex
1026 2571 1263 2634 prurigine
1283 2568 1487 2631 corporis
1508 2569 1724 2617 asffiduo-

380 2643 475 2690 que
495 2639 542 2678 et
564 2585 824 2684 vezanenti
845 2634 1039 2697 strigilis
1060 2649 1151 2683 usu
1172 2633 1464 2697 plurifariam
1480 2632 1724 2692 concretis,
