1950 3100
17 2564 40 2789 ἡδ’-ᾑ-

378 170 473 218 220
751 162 902 228 (v1.)
968 159 1179 212 NERO.
1245 161 1324 211 sc.

375 294 665 344 cessitudinis
696 306 842 355 genus
874 300 959 353 est,
983 284 1237 355 quod'non
1263 289 1429 339 scelere
1458 285 1741 352 perculsi-ie·

375 359 653 418 Antoniam,
676 356 867 405 Claudii
886 356 1053 416 filiam,
1071 363 1358 403 recusantem
1377 363 1487 417 post
1501 354 1729 416 Poppaeoe

376 431 572 469 mortem
591 421 782 483 nuptias
802 436 928 479 suas,
952 420 1089 497 quasi
1108 420 1384 467 molitricem
1403 432 1637 466 novarum
1656 432 1729 464 re-

330 551 342 562 „
376 501 499 546 mm,
545 486 791 532 interemit.
856 484 1083 533 Simmoer
1124 492 1326 542 caeteros,
1371 490 1455 530 aut
1497 481 1728 529 affinitate

376 549 442 597 ali
474 549 539 597 ua
559 550 665 610 sibi,
686 557 770 596 aut
787 549 1134 611 propinquitate
1154 550 1456 610 conjunctos3
1480 546 1534 592 in
1549 546 1730 607 quibus

375 565 564 661 Attium
581 613 827 661 Plautium
842 614 1090 674 juvenem3
1115 626 1259 674 quem
1273 626 1382 658 cum
1401 618 1510 657 ante
1527 617 1730 656 mortun

375 692 458 739 per
473 678 572 726 vim
584 677 945 739 conspurc'aeisset,
963 677 1000 704 ‘⁶
1013 676 1110 723 Eat
1128 677 1307 736 nunc,'’
1330 675 1504 737 inquit,
1530 676 1731 720 “mater

376 756 498 803 mea,
521 749 569 789 et
587 755 894 789 successorem
912 754 1074 786 meum
1094 740 1328 787 osculetur
1342 740 1396 796 ;'’
1427 741 1632 799 jactans,
1654 737 1730 783 di.

375 803 878 864 lecmmabeQetad
906 818 1039 865 spem
1066 804 1252 865 imperii
1279 802 1556 863 impulsum.
1623 802 1730 848 Pri-

361 871 577 932 -vignum
598 868 798 916 Rufium
820 867 1107 929 Crispinum,
1131 866 1339 928 Poppae‘a
1362 874 1547 926 natum,
1569 865 1731 928 impu-

378 935 537 982 berem
557 932 726 993 adhuc,
749 932 864 993 quia
883 929 1114 977 ferebatur
1140 930 1339 977 ducatus
1363 937 1412 975 et
1435 930 1635 991 imperia
1655 930 1732 976 lu-

380 997 503 1058 dere,
516 997 820 1059 mergendum
834 993 969 1053 mari,
986 994 1105 1040 dum
1125 994 1393 1055 piscaretur,
1415 994 1561 1041 servis
1580 994 1733 1055 ipsius

381 1061 694 1109 demandavit.
760 1058 989 1114 Tuscum,
1033 1058 1226 1104 nutricis
1275 1057 1447 1117 filium,
1486 1057 1730 1119 relegavit,

382 1127 526 1190 quod,
549 1127 600 1172 in
620 1123 935 1187 procuratione
949 1121 1167 1184 AEgypti,
1188 1121 1385 1169 balineis
1405 1122 1457 1167 in
1477 1121 1733 1168 adventum

384 1206 525 1238 suum
562 1189 806 1236 exstructis
840 1186 1042 1234 lavisset.
1106 1186 1344 1246 Senecam,
1387 1192 1730 1248 praeoeptorem,

382 1254 444 1301 ad
485 1268 641 1301 necem
684 1250 941 1313 compulit;
987 1250 1219 1312 quamvis,
1259 1264 1380 1312 saepe
1417 1257 1732 1297 commeatum

383 1318 571 1380 petenti,
597 1316 826 1377 bonisque
858 1314 1053 1375 cedenti,
1085 1322 1319 1375 persancte
1345 1312 1566 1375 jurasset,
1595 1316 1633 1342 ‘⁴
1654 1329 1733 1361 su-

384 1389 596 1443 spectum
616 1395 667 1426 se
686 1378 873 1440 frum-a,
894 1380 1246 1440 periturumque
1273 1379 1449 1440 potius,
1472 1392 1621 1440 quam
1650 1392 1734 1425 no-

385 1446 588 1492 citurum
607 1444 715 1493 ei.”.
767 1441 937 1503 Burro,
960 1441 1192 1504 praefecto,
1212 1442 1471 1490 remedium
1491 1441 1556 1488 ad
1578 1441 1736 1489 fauces

384 1508 636 1572 pollicitus,
660 1507 870 1555 toxicum
891 1507 1037 1555 misit.
1093 1505 1307 1555 Libertus
1327 1506 1495 1555 divites
1517 1514 1566 1554 et
1586 1521 1734 1567 senes,

383 1573 500 1620 olim
542 1571 821 1635 adoptionis,
864 1585 979 1618 mox
1022 1571 1352 1619 dominationis
1394 1587 1493 1619 suae
1531 1571 1738 1620 fautores

386 1644 527 1700 atque
547 1645 756 1697 rectores,
780 1649 969 1696 veneno,
992 1637 1166 1699 partim
1186 1637 1318 1697 cibis,
1342 1637 1517 1698 partim
1531 1638 1735 1699 potioni-

384 1702 475 1749 bus
495 1701 659 1759 indito,
681 1701 933 1762 intercepit.

450 1765 590 1831 (36.)
623 1766 725 1813 Nec
745 1765 924 1812 minore
940 1765 1120 1812 saeviti'a
1135 1764 1245 1812 foris
1265 1772 1312 1812 et
1331 1765 1382 1811 in
1402 1772 1587 1812 exteros
1607 1779 1735 1826 gras-

385 1839 515 1880 satus
535 1839 618 1879 est.
683 1828 830 1878 Stella
857 1830 1039 1890 crinita,
1063 1844 1171 1892 quae
1199 1830 1397 1876 summis
1416 1830 1739 1891 potestatibus

384 1897 584 1944 exitium
624 1893 889 1957 portendere
930 1893 1074 1955 vulgo
1116 1901 1322 1956 putatur,
1366 1907 1449 1955 per
1490 1895 1736 1940 continuas

385 1969 541 2010 noctes
572 1959 682 2008 oriri
712 1966 920 2020 eoeperat.
983 1957 1176 2005 Anxius
1207 1957 1262 2004 eii
1291 1973 1356 2018 re,
1379 1964 1437 2003 ut
1466 1972 1529 2003 ex
1564 1957 1738 2005 Babilo

384 2025 615 2088 astrologo
627 2021 805 2082 didicit,
821 2022 963 2069 solere
973 2036 1104 2084 reges
1115 2021 1229 2069 talia
1240 2028 1420 2069 ostenta
1433 2021 1560 2069 caede
1575 2020 1737 2084 aliun

384 2089 557 2137 illustri
591 2088 791 2150 expiare,
818 2093 961 2148 atque
991 2100 1022 2132 a
1052 2094 1197 2134 semet
1225 2086 1276 2132 in
1307 2086 1462 2148 capita
1489 2099 1735 2147 procerum

385 2152 639 2216 depellere3
686 2149 976 2198 nobilissimo
1018 2152 1188 2213 cuique
1229 2151 1429 2197 exitium
1470 2149 1737 2197 destinavit.

385 2217 639 2266 Enimvero
656 2213 808 2262 multo
822 2214 990 2275 magis,
1008 2222 1055 2261 et
1070 2215 1206 2277 quasi
1225 2228 1307 2275 per
1323 2216 1504 2275 justam
1526 2226 1734 2273 causam,

385 2280 569 2328 duabus
598 2278 993 2354 conjurationibus
1020 2278 1340 2340 provulgatis3
1376 2292 1583 2340 quarum
1611 2278 1741 2340 prior

385 2344 877 2467 ffloezqetggfcffonflm
908 2412 1049 2466 atque
1079 2357 1277 2454 (1θῖεέἰῖ
1276 2350 1427 2454 tegi-or,
1436 2341 1687 2468 ansslurati
1711 2421 1740 2453 e

388 2470 586 2518 vinculis
605 2469 862 2531 triplicium
883 2476 1149 2516 catenarum
1178 2470 1339 2518 dixere
1367 2483 1590 2527 causam;
1628 2484 1739 2517 cum

389 2532 583 2590 quidam
603 2536 776 2580 crimen
797 2531 920 2578 ultro
939 2531 1207 2594 faterentur,
1228 2533 1445 2581 nonnulli
1473 2535 1620 2580 etiam
1647 2535 1740 2580 im·;

387 2601 617 2653 putarent,
635 2604 878 2655 tamquam
893 2595 1027 2642 aliter
1041 2597 1113 2644 illi
1130 2612 1223 2645 non
1245 2605 1447 2661 possent,
1460 2598 1557 2644 nisi
1569 2605 1737 2658 morte,

384 2666 656 2715 succurrere,
691 2657 960 2706 dedecorato
994 2659 1186 2723 flagitiis
1218 2662 1451 2713 omnibus.
1517 2660 1741 2710 Damna-
