1950 3100
377 128 468 174 126
678 122 839 188 (111.)
905 122 1253 199 TIBERIUS.
1317 123 1400 170 54

371 268 515 316 coque
534 267 685 311 versu,
710 254 746 292 ‘-‘
766 253 819 302 Si
838 267 933 300 non
953 252 1257 313 dominaris,”
1281 251 1454 314 inquit,
1478 251 1516 278 “
1532 250 1700 311 filiola,

371 318 881 379 injuriamteaccipere
904 318 1218 365 existimasff
1241 315 1699 364 necullomoxser·

372 396 509 430 mone
537 381 755 443 dignatus
784 388 867 428 est.
932 381 1190 440 Quondam
1213 396 1337 441 vero,
1359 380 1478 427 inter
1505 395 1698 442 coenam,

371 454 1050 508 pori-ectaasepomagusme
1070 460 1165 492 non
1185 444 1703 506 ausam,etiamvocai·e

372 509 801 570 desiit,simulans,
838 510 1093 557 venenise
1138 508 1559 565 criminearcessi,
1593 523 1702 557 cuin

372 581 695 634 presa-uotum
723 582 975 637 utrumque
1006 573 1219 622 consulto
1254 580 1388 634 esset,
1426 580 1484 619 ut
1518 580 1567 619 et
1601 573 1702 634 ipse

373 638 581 685 tentandi
616 638 767 701 gratia
796 637 989 699 offeri-et,
1022 647 1069 686 et
1100 637 1185 685 illa
1219 638 1355 700 quasi
1392 636 1699 685 certissimum

371 702 570 752 exitium
590 711 780 750 caveret.
844 702 1112 751 Novissime
1130 702 1457 762 calumniatus,
1478 700 1621 748 modo
1639 701 1700 749 ad

371 774 574 817 statuam
589 767 813 830 Augusti,
820 767 961 815 modo
975 767 1037 814 ad
1050 766 1277 813 exercitus
1298 764 1543 827 confugere
1563 764 1694 827 velle,

373 783 735 879 Pandatariam
731 831 979 894 relegavit3
1013 831 1380 893 conviciumque
1405 829 1598 877 oculum
1618 844 1697 892 pet

371 897 683 944 centurionem
726 897 990 944 verberibus
1030 895 1249 942 excusat.
1329 894 1533 953 Rursus,
1578 896 1698 942 mori

369 959 524 1007 inedia
534 959 796 1020 destinanti,
810 975 893 1022 per
904 959 1003 1007 vim
1012 974 1089 1006 ore
1099 958 1306 1018 diducto,
1318 958 1528 1006 infulciri
1537 958 1697 1012 cibum

367 1024 522 1083 jussit.
579 1024 671 1073 Sed
693 1032 740 1072 et
757 1031 1137 1087 perseverantem,
1159 1031 1300 1085 atque
1320 1024 1388 1069 ita
1408 1024 1689 1083 absumtam,

370 1087 745 1137 criminosissime
786 1089 1037 1136 insectatus
1070 1096 1155 1147 est,
1208 1102 1319 1134 cum
1348 1086 1475 1135 diem
1506 1101 1694 1150 quoque

370 1153 570 1200 natalem
601 1155 703 1215 ejus
734 1153 851 1200 inter
884 1153 1085 1200 nefastos
1126 1150 1413 1198 referendum
1455 1152 1688 1200 suasisset.

369 1213 630 1277 Imputavit
656 1217 813 1277 etiam,
837 1216 966 1279 quod
984 1231 1079 1263 non
1097 1215 1267 1278 laqueo
1287 1215 1657 1278 strangulatam·
1642 1230 1692 1262 ιιι

364 1278 621 1328 Gemonias
641 1282 883 1342 abjecerit:
918 1295 1096 1344 proque
1110 1280 1195 1327 tali
1210 1279 1451 1327 clementia
1464 1280 1690 1342 interponi

367 1340 597 1391 decretum
628 1359 792 1419 passus
822 1351 907 1404 est,
931 1359 1028 1407 quo
1057 1346 1150 1393 sibi
1180 1344 1338 1407 gratim
1366 1352 1692 1407 agerentur,et

410 1407 632 1456 aitolino
650 1409 688 1456 J
689 1422 767 1457 ovl
785 1408 962 1457 donum
982 1424 1042 1456 ex
1064 1424 1178 1457 auro
1198 1416 1463 1456 sacraretur.

468 1469 570 1535 54.)
596 1472 720 1521 Cum
735 1488 794 1520 ex
810 1473 1089 1522 Germanico
1119 1481 1209 1521 tres
1236 1480 1441 1535 nepotes,
1457 1474 1696 1521 Neronem

368 1541 416 1581 et
436 1534 648 1585 Drusum
678 1545 726 1585 et
756 1537 944 1598 Caium,
965 1554 1027 1585 ex
1049 1537 1210 1587 Druso
1238 1552 1404 1599 unum,
1428 1535 1689 1599 Tiberium,

366 1599 581 1659 haberet,
615 1602 861 1651 destitutus
880 1611 1028 1650 morte
1046 1603 1311 1662 liberorum,
1328 1602 1561 1650 maximos
1581 1612 1696 1651 natu

368 1663 729 1714 deGermanici
771 1667 1691 1744 filfiQNerunemetODrusum,P.C.

370 1731 731 1790 commendavit,
756 1733 972 1794 diemque
983 1732 1226 1795 utriusque
1237 1731 1450 1791 tirocinii,
1465 1733 1695 1794 congiario

367 1793 492 1854 plebi
523 1796 648 1857 dato,
681 1797 939 1845 celebravit.
1015 1796 1124 1856 Sed,
1155 1804 1213 1842 ut
1239 1796 1478 1858 comperit,
1511 1796 1695 1845 ineunte

367 1874 503 1922 anno,
533 1876 618 1940 pro
647 1876 807 1910 eorum
838 1876 1026 1925 quoque
1056 1860 1205 1908 salute
1235 1860 1422 1922 publice
1454 1868 1565 1907 vota
1594 1876 1695 1909 sus·

368 1933 514 1987 cepta,
537 1928 632 1988 egit
653 1942 761 1975 cum
782 1935 960 1989 senatu,
997 1925 1034 1953 “
1055 1925 1167 1972 Non
1188 1925 1350 1972 debere
1370 1924 1485 1971 talia
1503 1925 1697 1987 praemia

367 1990 525 2052 tribui,
543 1992 636 2039 nisi
655 1991 855 2053 expertis
870 1998 917 2038 et
932 1997 1065 2038 aetate
1079 1989 1368 2070 provectis?
1391 1997 1533 2052 atque
1548 2004 1610 2036 ex
1624 2004 1693 2065 eo,

366 2054 595 2116 patefacta
625 2055 834 2103 interiore
866 2054 1012 2101 animi
1043 2054 1118 2101 sui
1140 2053 1274 2114 nota,
1298 2053 1511 2101 omnium
1541 2054 1696 2101 crimi-

365 2119 628 2167 nationibus
659 2120 885 2167 obnoxios
915 2117 1142 2165 reddidit.
1179 2116 1399 2193 variaque
1429 2116 1595 2164 fraude
1624 2118 1697 2163 in-

365 2180 542 2243 ductos,
565 2192 622 2231 ut
650 2191 698 2230 et
727 2184 1061 2230 concitarentur
1089 2182 1150 2229 ad
1172 2181 1391 2243 convicia,
1416 2189 1463 2228 et
1482 2181 1700 2229 concitati

365 2245 676 2308 proderentur,
700 2248 937 2295 accusavit
962 2262 1045 2309 per
1075 2246 1248 2306 literas,
1273 2245 1560 2298 amarissime
1591 2259 1702 2293 con-

366 2310 507 2370 gestis
519 2312 660 2359 etiam
671 2312 878 2373 probris;
892 2318 939 2359 et
950 2311 1184 2373 judicatos
1190 2310 1345 2358 hostes
1353 2309 1479 2358 fame
1490 2311 1698 2367 necavit,

364 2373 600 2423 Neronem
631 2376 683 2421 in
715 2375 873 2423 insula
905 2376 1094 2437 Pontia,
1119 2376 1333 2424 Drusum
1362 2375 1413 2421 in
1444 2374 1544 2422 ima
1574 2383 1706 2436 parte

363 2436 552 2487 Palatii.
618 2440 812 2500 Putant,
836 2440 1073 2488 Neronem
1095 2439 1157 2488 ad
1178 2438 1489 2487 voluntariam
1508 2446 1706 2486 mortem

303 2521 306 2525 ’
358 2509 593 2560 eoactum,
630 2518 741 2550 cum
774 2504 820 2549 ei
851 2504 1074 2565 carnifex,
1098 2505 1235 2566 quasi
1255 2519 1314 2551 ex
1336 2502 1520 2551 senatus
1548 2511 1708 2549 aucto-

356 2563 493 2612 ritate
531 2566 728 2628 missus,
764 2565 957 2674 laqueos
993 2576 1040 2616 et
1071 2582 1217 2616 uncos
1241 2574 1516 2626 ostentaret3
1550 2566 1712 2617 Druso
