1950 3100
378 120 468 167 182
690 115 813 179 (v.)
860 115 1246 165 CLAUDIUS.
1316 119 1388 165 la

376 261 468 309 que
499 245 746 293 modicam.
802 243 945 302 Cum,
979 242 1172 291 decretis
1201 244 1293 291 sibi
1322 259 1353 290 a
1383 253 1547 292 senatu
1578 260 1711 293 orna·

377 311 544 359 mentis
564 307 943 371 triumphalibus,
966 308 1187 355 leviorem
1213 309 1447 371 maiestati
1467 310 1714 372 principali

375 374 566 423 titulum
588 373 895 431 arbitraretur,
919 371 1149 434 velletque
1166 371 1285 434 Justi
1304 372 1534 435 triumphi
1555 375 1711 435 decus,

373 438 495 486 unde
508 437 772 499 acquireret,
786 436 1079 483 Britanniam
1087 437 1385 498 potissimum
1391 438 1551 500 elegit,
1564 454 1714 502 neque

374 509 597 551 tentatam
619 500 706 547 ulli
727 509 835 562 post
855 499 1037 547 Divum
1058 500 1093 546 J
1097 501 1269 560 ulium,
1284 509 1331 549 et
1351 510 1465 549 tunc
1480 504 1713 551 tumultu.

374 576 531 616 antem
565 567 625 612 ob
659 580 753 613 non
787 563 990 611 redditos
1023 565 1302 627 transfugas.
1357 565 1473 614 Huc
1508 580 1618 614 cum
1650 569 1712 616 ab

374 630 514 680 Ostia
529 630 781 692 navigaret,
799 629 1057 676 vehementi
1074 628 1228 677 circio
1242 630 1316 677 bis
1331 645 1464 692 paene
1477 631 1713 681 demersus

370 705 455 757 est,
489 709 631 758 prope
664 693 926 755 Liguriam,
955 695 1190 755 juxtaque
1217 694 1486 743 Stoechadas
1517 695 1710 746 insulas.

323 763 330 780 '
372 761 547 821 Quare,
571 775 600 806 a
616 758 672 805 M
677 757 835 805 assilia
851 758 1150 806 Gesoriacum
1167 772 1317 821 usque
1332 758 1534 820 pedestri
1552 760 1713 809 itinere

373 825 594 885 confecto,
625 823 732 870 inde
764 822 1018 869 transmisit
1031 838 1046 869 ε
1082 836 1152 880 ac,
1177 822 1277 869 sine
1306 822 1409 871 ullo
1438 822 1602 886 proelio
1628 833 1710 873 aut

374 890 614 951 sanguine,
636 888 759 934 intra
778 886 1082 948 paucissimos
1103 885 1203 935 dies
1221 895 1352 949 parte
1371 886 1540 935 insule
1558 888 1611 935 in
1631 888 1709 937 de-

371 954 595 1002 ditionem
615 951 810 1013 recepta,
829 958 976 1008 sexto,
995 964 1138 1012 quam
1154 950 1388 1013 profectus
1403 960 1517 1012 erat,
1534 967 1706 1015 mense,

373 1019 576 1067 Romam
607 1015 758 1076 rediit,
791 1013 1190 1077 triumphavitque
1222 1016 1435 1064 maximo
1464 1026 1706 1079 apparatu,

369 1083 454 1131 Ad
475 1085 611 1146 cujus
638 1078 954 1143 spectaculum
973 1092 1228 1126 commeare
1246 1079 1299 1125 in
1318 1079 1500 1127 Urbem
1521 1096 1615 1129 non
1637 1096 1708 1129 so-

368 1147 472 1194 lum
493 1144 770 1208 praesidibus
784 1143 1126 1206 provinciarum
1140 1143 1366 1204 permisit,
1384 1159 1548 1192 verum
1568 1147 1708 1195 etiam

373 1210 615 1258 exsulibus
643 1207 957 1271 quibusdam3
993 1214 1150 1269 atque,
1180 1208 1301 1255 inter
1325 1207 1518 1256 hostilia
1541 1211 1706 1273 spolia,

371 1274 584 1322 navalem
621 1286 835 1319 coronam
877 1270 1067 1333 fastigio
1102 1270 1332 1320 Palatinae
1365 1271 1536 1321 domus
1567 1278 1710 1337 juxta

371 1339 564 1386 civicam
582 1336 703 1395 fixit,
720 1334 899 1397 trajecti
914 1344 961 1382 et
976 1335 1112 1398 quasi
1131 1334 1300 1383 domiti
1315 1336 1496 1385 Oceani
1510 1338 1706 1401 insigne.

370 1402 574 1451 Currum
605 1402 707 1461 ejus
739 1399 999 1447 Messalina
1027 1413 1149 1447 uxor
1184 1409 1399 1462 carpento
1432 1410 1592 1451 secuta
1624 1412 1708 1453 est.

370 1466 528 1513 Secuti
548 1472 594 1511 et
606 1462 909 1538 triumphalia
928 1472 1196 1511 ornamenta
1210 1464 1372 1511 eodem
1392 1465 1518 1514 bello
1532 1468 1708 1530 adepti,

368 1530 448 1579 sed
474 1528 626 1578 caeteri
657 1528 872 1591 pedibus,
900 1535 946 1576 et
977 1528 1029 1575 in
1052 1528 1710 1596 pretexta301assusFrugi

367 1609 490 1657 equo
509 1593 765 1657 phalerato,
786 1600 834 1640 et
860 1594 911 1641 in
932 1601 1057 1642 veste
1084 1593 1308 1656 palmata,
1332 1594 1462 1657 quod
1491 1611 1604 1645 eum
1623 1597 1710 1647 ho-

364 1674 522 1707 norem
541 1659 796 1706 iteraverat.

432 1722 571 1788 (18.)
593 1723 739 1772 Urbis
759 1736 1045 1784 annonaeque
1057 1737 1217 1770 curam
1238 1722 1568 1772 sollicitissime
1588 1740 1710 1775 sem.

365 1797 623 1902 Ξῗᾏιῗῗωζο
641 1787 1712 1911 gffigffispmwmmysffgmffigfflmoe

365 1917 575 1966 militum
608 1933 664 1965 ac
694 1915 977 1964 familiarum
1012 1914 1166 1975 turba,
1199 1915 1380 1963 auxilio
1406 1914 1598 1978 plebem
1626 1933 1712 1980 per

366 1982 667 2044 magistratus
681 1995 741 2028 ex
757 1981 976 2028 omnibus
992 1979 1107 2027 vicis
1128 1980 1425 2038 convocavit3
1449 1995 1522 2042 ac,
1633 1983 1712 2032 ‘tis

364 2054 471 2095 ante
492 2061 542 2094 se
561 2061 670 2094 cum
688 2043 887 2108 pecunia
906 2043 1048 2104 fiscis,
1069 2042 1132 2090 ad
1152 2043 1524 2093 subveniendum
1540 1997 1714 2095 mtu-

366 2118 444 2159 tus
465 2117 550 2172 est,
571 2118 899 2173 representans
917 2122 1004 2172 pro
1023 2105 1161 2170 opera
1180 2107 1373 2171 dignam
1393 2110 1568 2173 cuique
1586 2125 1712 2159 mer.

364 2175 537 2224 cedem.
600 2175 813 2222 Arctiore
840 2181 999 2221 autem
1020 2171 1204 2220 annona
1223 2174 1285 2221 ob
1305 2172 1519 2222 assiduas
1539 2176 1715 2223 sterili-

364 2246 497 2299 tates,
521 2239 733 2287 detentus
765 2237 1005 2301 quondam
1036 2236 1190 2285 medio
1219 2236 1321 2285 foro
1349 2252 1380 2284 a
1404 2238 1562 2300 turba,
1597 2253 1712 2287 eon-

362 2303 585 2366 viciisque
605 2318 660 2352 ac
679 2302 825 2380 simul
843 2300 1153 2379 fragminibus
1180 2301 1316 2364 panis
1343 2301 1411 2348 ita
1437 2302 1712 2364 insomnis,

360 2375 516 2492 futuit,
551 2381 813 2479 niffssaenff
821 2365 1715 2493 egoeetoct’xggitavitmadpffix

360 2496 501 2540 etiam
545 2496 597 2541 in
628 2503 833 2557 tempore
870 2494 1079 2555 hiberno,
1117 2502 1419 2543 commeatus.
1489 2495 1627 2543 Nam
1666 2503 1717 2543 et

357 2556 717 2617 negotiatoribus
748 2567 870 2607 certa
890 2558 1020 2607 lucra
1041 2559 1299 2621 proposuit,
1333 2567 1553 2622 suscepto
1581 2560 1635 2608 in
1658 2574 1713 2608 se
