1950 3100
519 163 678 231 ux.)
738 161 1137 216 Vl'rmms.
1171 163 1181 172 ⁴*
1181 164 1282 215 ιι,
1469 161 1568 214 331

231 293 498 371 Hispanico
506 307 591 356 per
601 293 856 343 navarchus
871 309 929 343 83
940 292 1148 343 trirmes
1159 293 1429 357 petitarum,
1445 306 1574 343 ccm-

233 359 439 407 miscuit.
503 358 575 407 Ut
592 365 753 406 autem
773 358 916 406 homo
932 372 1030 404 808
1048 357 1292 420 profundae
1310 357 1467 419 modo,
1490 358 1573 406 sed

235 422 572 485 intempestiva
600 436 788 485 quoque
806 437 863 469 ac
882 421 1080 470 sordida
1106 422 1246 484 gulae,
1268 436 1328 470 ne
1354 423 1406 469 in
1433 422 1576 470 sacri-

237 487 344 535 ficio
365 486 557 563 quidem
585 501 812 549 unquam,
835 494 920 533 aut
948 485 1111 533 itinere
1137 487 1255 546 ullo,
1284 486 1571 549 temperavit,

233 551 355 614 quin
375 558 495 598 mter
513 549 680 598 altaria
691 549 867 598 ibidem
881 551 1043 598 statim
1056 551 1212 598 viscus
1226 558 1274 598 et
1285 550 1424 612 farra,
1442 565 1573 613 paene

232 623 370 677 rapta
389 629 416 662 8
436 613 556 675 foco,
577 613 830 676 manderet,
853 615 1064 677 circaque
1079 615 1261 663 viarum
1279 615 1476 677 popinas
1494 614 1575 662 fu-

235 679 417 727 mantia
434 678 643 741 opsonia,
663 678 739 726 vel
757 678 987 741 pridiana,
1007 686 1151 742 atque
1169 692 1361 727 semesa.
1461 706 1466 711 «

302 740 444 807 (14.)
475 742 658 791 Pronus
687 757 795 791 vero
823 743 887 791 ad
916 745 1164 805 cujusque,
1196 750 1245 791 et
1274 743 1573 807 quacumque

232 806 296 854 de
329 806 487 866 380ιί,
518 821 679 855 necem
704 815 850 870 atque
877 807 1184 870 supplicium,
1213 806 1397 855 nobiles
1428 808 1569 868 viros,

237 869 581 933 condiscipulos
612 878 660 919 et
693 871 898 934 aquales
926 885 1053 932 suos,
1086 871 1305 919 01881008
1335 871 1576 920 blanditiis

237 943 424 983 3883018
443 943 538 985 non
556 932 618 983 ad
639 936 903 984 societatem
921 934 1105 998 imperii
1130 934 1435 995 allicefactos,
1447 935 1578 983 vario

238 1014 404 1080 genere
430 997 610 1048 fraudis
635 999 834 1058 occidit3
868 1001 1012 1048 etiam
1039 1013 1189 1047 unum
1209 1013 1398 1060 veneno,
1426 1013 1575 1045 manu

236 1062 328 1111 sua
348 1071 554 1126 porrecto
568 1065 620 1111 in
641 1079 777 1127 aquoe
791 1063 993 1177 ffigidaef
994 1064 1197 1126 potione,
1216 1077 1360 1126 quam
1374 1063 1417 1109 is
1437 1063 1574 1111 affec·

236 1135 315 1176 tus
334 1127 412 1175 feb
379 1128 459 1176 bre
477 1136 760 1239 poposcerat·
814 1128 946 1177 Tum
964 1127 1289 1176 foeneratoeum
1312 1133 1360 1173 et
1379 1127 1575 1189 stipula-

237 1199 409 1253 torum,
430 1193 530 1254 pub
565 1207 892 1255 canor-umque,
911 1193 997 1269 qui
1016 1206 1226 1254 unquam
1242 1206 1290 1239 se
1309 1198 1394 1238 aut
1407 1191 1576 1239 Rcmae

238 1255 468 1317 debitum,
490 1264 575 1303 aut
594 1257 744 1305 invia.
771 1258 1029 1320 portorium
1055 1255 1358 1320 flagitassent,
1379 1256 1464 1303 vix
1484 1255 1576 1304 ulli

161 1327 167 1331 ·
237 1321 456 1382 pepercit-
518 1321 600 1370 Ex
628 1322 802 1384 quibus
823 1321 1073 1385 quemdam
1103 1322 1155 1368 18
1173 1321 1279 1383 ipsa
1298 1320 1576 1369 salutatione

238 1383 469 1448 supplicio
500 1385 740 1448 tradimm,
776 1387 1030 1449 statimque
1065 1393 1351 1445 revocatum,
1397 1386 1576 1434 cunctis

236 1448 531 1497 clementiam
580 1449 898 1513 laudantibus,
957 1465 1113 1500 coram
1169 1449 1366 1499 interfici
1420 1451 1574 1512 'ussit,

237 1511 416 1561 “velle
456 1515 561 1577 88,”
602 1514 839 1578 (113888,6
843 1518 1069 1580 ‘pascere
1108 1515 1316 1566 octssose’
1432 1515 1576 1565 terius

234 1591 385 1640 poenae
406 1577 524 1628 duos
551 1578 674 1629 filios
701 1580 887 1643 adjecit,
909 1581 1141 1643 deprecari
1170 1596 1257 1644 pro
1283 1588 1415 1643 patre
1436 1594 1576 1628 3088-

236 1649 324 1690 tos.
369 1642 1329 1707 SedetequitemRomanumproclaman
1328 1653 1574 1704 tem,cum

235 1714 470 1768 raperetur
503 1707 565 1754 ad
594 1710 838 1768 poenam,‘
841 1708 1042 1756 ‘Hm-es
1066 1711 1305 1769 meuses,’
1310 1708 1572 1756 ’exhibere

235 1769 502 1817 testamenti
535 1770 719 1818 tabulas
751 1771 932 1833 303·ςί3.
965 1779 1113 1833 utque
1131 1771 1264 1833 legit,
1292 1771 1576 1819 cohaeredem

235 1834 332 1882 sibi
351 1833 570 1879 libertum
599 1834 702 1893 ejus
729 1833 879 1881 adseri
912 1841 1033 1893 tum,
1052 1834 1262 1897 jugulari
1279 1848 1389 1882 cum
1410 1834 1578 1882 liberto

234 1896 503 1959 imperavit.
538 1895 784 1954 Quosdam
803 1905 852 1945 et
903 1896 1083 1959 pelebe
1101 1900 1165 1946 ob
1185 1898 1270 1945 id
1255 1912 1430 1959 ipsum,
1449 1898 1577 1960 quod

240 1962 437 2011 Venetae
456 1959 648 2008 factioni
663 1960 781 2008 clare
801 1960 1151 2023 maledixerant,
1169 1961 1432 2018 interemit·
1467 1976 1576 2009 con-

235 2032 390 2075 temtu
411 2024 502 2085 sui,
526 2032 571 2072 et
591 2023 716 2074 nova
740 2040 840 2087 spe,
869 2024 920 2071 id
947 2040 1088 2073 ausos
1116 2025 1347 2087 opinatus.
1411 1996 1580 2074 'Nullis

239 2099 399 2139 tamen
426 2088 664 2150 infmsior,
694 2103 840 2153 quam
864 2088 1122 2138 vernaculis
1147 2096 1197 2136 et
1219 2088 1575 2165 mathematicis,

234 2163 296 2203 ut
324 2154 528 2217 quisque
553 2153 819 2215 defen-enar,
848 2152 1115 2201 inauditum
1141 2152 1293 2216 capite
1315 2153 1573 2215 puniebat,

237 2220 556 2278 exacerbatus,
575 2218 718 2281 quod,
734 2226 843 2281 post
855 2217 1062 2266 edictum
1076 2232 1233 2278 suum,
1253 2232 1350 2280 quo
1367 2218 1573 2280 ubebat,

234 2285 362 2332 intra
382 2281 610 2331 Calendas
626 2282 844 2332 Octobris
857 2282 989 2331 Urbe
1008 2281 1243 2344 Italiaque
1261 2296 1343 2328 ma
1394 2282 1580 2330 31883131

237 2346 524 2409 excederent,
548 2348 706 2394 statim
726 2346 916 2395 libellus
935 2347 1202 2409 propositus
1216 2354 1302 2407 est,
1323 2348 1358 2374 “
1370 2353 1416 2393 et
1431 2346 1580 2394 Chal-

236 2412 365 2460 ‹1aeoe
384 2410 572 2472 edicere,
595 2412 774 2460 bonum
794 2410 992 2473 factum,
1014 2425 1074 2459 ne
1087 2410 1311 2460 Vitellius
1331 2410 1577 2460 Gemani-

234 2491 322 2525 308
341 2476 463 2522 18318
477 2474 693 2524 eumdem
709 2474 1020 2525 Calendarum
1040 2475 1165 2524 diem
1180 2489 1383 2538 usquam
1404 2478 1574 2523 esset-’⁹

232 2541 491 2602 Suspectus
510 2547 560 2587 et
581 2541 633 2588 in
658 2548 807 2589 morte
825 2539 987 2589 matris
1013 2539 1124 2602 fuit,
1147 2541 1283 2603 quasi
1302 2555 1437 2602 aegrae
1455 2555 1575 2617 prae-

233 2604 335 2653 beri
354 2604 515 2651 cibum
532 2604 873 2667 prohibuisset,
907 2605 1185 2655 vaticinante
1201 2604 1412 2654 0833318

229 2668 314 2718 301
335 2666 464 2717 velut
481 2667 667 2743 0183010
684 2669 1020 2734 acquiescebat,
1044 2672 1081 2700 ‘⁴
1091 2671 1160 2737 ita
1177 2668 1372 2732 demum
1381 2632 1580 2719 firmiter
