1950 3100
554 163 677 228 (v.)
740 162 1107 214 anumus
1174 169 1251 215 23.
1475 170 1565 219 185

237 293 400 341 tumvis
418 290 663 369 salubriter
682 299 729 341 et
749 293 800 339 in
822 300 1025 356 tempore
1039 312 1054 343 ε
1089 309 1198 343 eum
1213 295 1556 375 essedario‚.pro

234 356 681 469 332}ssss&ssss
692 356 1113 486 tafften&
1128 373 1553 485 'fifflmffsssniffl

232 500 412 533 monens
448 485 698 548 populum,
739 487 774 514 “
795 495 1076 549 quantopere
1110 487 1279 536 liberos
1323 491 1552 553 suscipere

230 549 419 611 deberet,
445 564 565 612 quos
585 550 757 597 videret
784 561 830 598 et
853 551 1098 613 gladiatori
1126 553 1341 616 praesidio
1370 556 1551 616 gratiae-

231 629 314 677 que
345 615 495 661 esse.''
551 613 719 661 Edidit
741 622 788 662 et
818 615 868 660 in
899 615 1078 663 Martio
1098 616 1280 680 Campo
1309 632 1549 681 expugna-

228 678 392 726 tionem
463 678 475 691 ⁸
558 679 731 727 tionem
764 694 821 725 ue
858 679 1021 742 oppidi
1050 681 1110 728 ad
1137 682 1388 745 imaginem
1417 684 1551 731 belli-

226 757 339 802 eam,
363 749 410 789 et
430 741 463 789 d
538 743 709 790 tionem
729 693 985 791 {ritanniae
1013 760 1210 808 regum3
1245 747 1550 810 praeseditque

225 805 483 869 paludatus.
516 806 719 867 Quinet‚
735 808 987 856 emissurus
996 809 1230 858 Fucinum
1242 811 1415 872 laeum,
1433 826 1549 859 nau.

224 870 451 918 machiam
472 879 579 918 ante
599 872 844 919 commisit.
877 872 987 932 Sed,
1008 888 1132 935 eum,
1156 875 1548 937 proclamantibus

222 934 590 995 naumachiariis,
617 937 652 964 “
673 935 798 996 Ave,
821 936 1096 999 Imperator,
1116 940 1330 986 morituri
1359 948 1403 986 te
1424 940 1548 987 salu-

222 1001 372 1060 tant‚”
387 1000 708 1062 respondisset,
734 1000 934 1048 “Avete
954 1016 1036 1049 vos
1051 1002 1105 1059 ;’'
1127 1016 1293 1064 neque,
1307 1011 1412 1066 post
1428 1003 1547 1052 hane

215 1061 700 1190 mem
710 1064 1544 1194 mmmmm&

217 1191 403 1239 tandem
424 1208 449 1240 e
470 1193 576 1241 sede
597 1192 685 1241 sua
703 1194 933 1254 prosiluit,
957 1209 1028 1253 ac,
1045 1209 1128 1256 per
1148 1196 1377 1243 ambitum
1398 1197 1543 1257 lactis,

215 1271 309 1304 non
338 1258 437 1305 sine
468 1257 592 1305 foeda
612 1258 918 1318 vacillatione,
950 1258 1222 1320 discurrens,
1254 1263 1423 1323 partim
1454 1264 1545 1309 mi-

213 1320 383 1381 nando,
422 1323 591 1383 partim
631 1322 930 1384 adhortando,
970 1322 1031 1370 ad
1062 1339 1271 1387 pugnam
1303 1326 1543 1389 compulit.

214 1385 322 1432 Hoc
353 1400 377 1432 s
585 1401 614 1434 o
643 1386 803 1435 elassis
830 1388 991 1435 Sicula
1021 1396 1068 1435 et
1092 1389 1282 1438 Rhodia
1308 1405 1544 1439 concurre-

209 1457 337 1510 runt,
393 1450 676 1498 uodenarum
691 1452 947 1500 triremium
969 1453 1182 1516 singula,
1205 1455 1410 1503 exciente
1429 1457 1545 1503 buc-

211 1513 320 1562 cina
353 1513 546 1563 Tritone
576 1523 803 1580 argenteo,
839 1517 923 1579 qui
952 1533 977 1566 e
1010 1518 1165 1568 medio
1198 1518 1303 1569 lacu
1332 1535 1414 1584 per
1442 1534 1543 1568 ma-

205 1578 398 1627 chinam
419 1588 673 1628 emerserat.
1155 1599 1160 1604 ·

209 1642 420 1755 msam.)
451 1643 684 1703 Quaedam
714 1647 834 1693 eirea
861 1646 1162 1708 caerimonias,
1193 1649 1469 1711 civilemque
1498 1658 1544 1697 et

264 1708 275 1720 ‘
301 1708 462 1755 ‘tarem
482 1723 674 1769 morem,
698 1711 810 1757 item
840 1711 959 1757 eirca
980 1713 1191 1759 omnium
1212 1713 1428 1760 ordinum
1450 1722 1544 1761 sta-

208 1780 334 1833 tum,
359 1771 488 1819 domi
515 1773 735 1836 forisque,
758 1782 842 1821 aut
868 1776 1080 1835 correxit,
1103 1784 1186 1823 aut
1213 1777 1394 1824 exoleta
1413 1793 1542 1825 revo-

204 1837 351 1897 eavit,
375 1844 459 1884 aut
484 1839 626 1886 etiam
652 1853 774 1887 nova
800 1839 1018 1886 instituit.
1084 1839 1144 1885 In
1172 1841 1441 1903 cooptandis
1463 1857 1545 1902 per

204 1900 409 1963 collegia
428 1902 758 1963 sacerdotibus,
779 1903 1030 1963 neminem,
1053 1904 1145 1950 nisi
1169 1906 1368 1966 juratus,
1392 1906 1543 1951 nomi-

203 1967 373 2023 navit3
408 1967 760 2029 observavitque
791 1966 967 2028 sedulo,
1008 1975 1079 2027 ut,
1121 1969 1302 2029 quoties
1339 1976 1457 2015 terra
1493 1970 1544 2015 in

206 2030 343 2077 Urbe
378 2030 612 2092 movisset,
648 2031 801 2091 ferias,
840 2030 1066 2078 advocata
1102 2033 1334 2092 concione,
1377 2040 1545 2094 praetor

201 2093 463 2153 indiceretg
498 2102 661 2159 utque,
684 2095 788 2144 dira
807 2096 884 2144 avi
911 2095 962 2141 in
986 2096 1114 2144 Urbe
1135 2104 1219 2143 aut
1239 2098 1290 2143 in
1311 2096 1544 2157 Capitolio

198 2158 325 2219 visa,
351 2161 604 2209 obsecratio
622 2160 882 2220 haberetur,
898 2175 1096 2223 eamque
1116 2163 1216 2224 ipse
1226 2163 1331 2223 Jure
1345 2162 1544 2208 maximi

195 2222 457 2286 pontificis,
488 2225 769 2272 commonito
801 2240 886 2287 pro
907 2224 1092 2273 Rostris
1120 2225 1310 2290 populo,
1347 2227 1542 2288 praeiret,

193 2289 521 2352 submotaque
540 2290 850 2352 operariorum
871 2304 1199 2353 servorumque
1219 2290 1370 2338 turba.

265 2350 412 2417 (23.)
446 2354 625 2401 Rerum
655 2359 830 2414 actum,
861 2353 1066 2402 divisum
1095 2363 1230 2402 antea
1258 2356 1307 2401 in
1328 2355 1543 2403 hibernos

181 2418 513 2530 ffimqoemums‘*
513 2420 922 2546 „mffss’ommssims
916 2419 1545 2531 xtnfflffiiz’sszffiffesse

186 2548 302 2608 gari
353 2518 706 2609 magistratibus
743 2548 945 2610 solitam,
984 2548 1036 2595 in
1073 2556 1364 2611 perpetuum,
1405 2557 1546 2612 atque

186 2612 350 2658 etiam
373 2626 456 2673 per
475 2612 751 2674 provincias,
773 2613 1078 2675 potestatibus
1099 2612 1408 2661 demandavit.
1455 2614 1547 2660 Ca·

169 2676 286 2737 -piti
313 2675 484 2739 Papiae
503 2676 723 2739 Poppoeae
749 2676 884 2740 legis,
917 2694 946 2724 a
968 2676 1160 2726 Tiberio
1187 2678 1368 2790 Caegare
1391 2677 1549 2741 (quasi

315 2762 322 2767 ¹
1196 2755 1234 2790 n
