1950 3100
378 166 475 216 ain
750 164 878 229 (vl.
884 174 905 227 )
968 163 1179 215 NERO.
1244 164 1321 212 ‘ia

374 291 641 353 tricidam,”
680 292 850 340 “OEdi
944 307 1020 339 em
1040 292 1373 351 excaecstum,”
1399 293 1435 319 “
1457 290 1716 342 Herculem

373 358 619 405 insanum.
627 357 659 380 '⁹
702 358 752 403 in
787 373 853 420 qu
917 357 1097 418 fabula,
1134 355 1262 402 fama
1296 364 1381 415 est,
1422 356 1713 405 tirimciilum

376 421 589 480 militem,
625 421 831 482 positum
865 421 926 467 ad
961 420 1219 468 custodiam
1253 419 1422 481 aditus,
1458 434 1569 467 cum
1600 436 1711 469 eum

372 486 523 532 ornari
544 500 599 532 ac
618 485 782 532 vinciri
801 486 991 545 catenis,
1013 486 1136 531 sicut
1154 492 1480 565 argumentum
1500 485 1712 546 postula-

370 550 468 607 bat,
492 549 680 606 videret,
703 550 948 597 accurrisse
968 548 1166 596 ferendis
1185 548 1288 610 opis
1306 548 1470 610 gratia.

435 612 571 677 (22.)
602 613 850 675 Equorum
880 614 1037 661 studio
1063 612 1137 661 vel
1167 611 1397 673 praecipue
1427 613 1488 659 ab
1519 613 1710 660 ineunte

370 684 503 725 aetate
523 676 766 739 flagravit,
789 676 1115 741 plurimusque
1133 676 1207 723 ini
1227 690 1391 736 sermo,
1415 690 1708 738 quamquam

358 749 611 801 metaretur,
634 741 692 788 de
712 742 988 789 circensibus
1016 748 1140 789 erat.
1176 748 1224 788 et
1244 740 1482 801 quondam
1503 748 1705 788 metum

261 794 272 802 “
367 806 608 867 prasinum
648 807 918 867 agitatorem
954 806 1077 852 inter
1114 804 1454 866 condiscipulos
1489 819 1704 880 querens,

368 871 643 932 objurgante
671 870 908 947 magistro,
930 870 989 916 de
1010 869 1210 917 Hectore
1230 883 1279 916 se
1296 868 1430 930 loqui
1456 869 1706 917 ementitus

367 942 450 981 est.
516 933 624 994 Sed,
646 948 771 996 cuin,
802 935 920 981 inter
948 933 1084 980 initia
1114 933 1312 995 imperii,
1345 933 1559 980 eburneis
1590 947 1707 1009 qua-

366 997 514 1061 drigis
547 998 753 1062 quotidie
788 999 838 1045 in
871 1000 1015 1045 abaco
1047 996 1240 1057 luderet,
1276 997 1337 1044 ad
1368 1010 1531 1044 omnes
1565 998 1706 1044 etiam

366 1063 587 1111 minimos
603 1063 821 1111 circenses
835 1078 862 1110 e
876 1077 1055 1109 secessu
1076 1063 1380 1121 commeabat,
1396 1062 1552 1123 primo
1566 1061 1704 1121 clam,

365 1125 532 1175 deinde
561 1126 833 1190 propalam,
868 1133 925 1174 ut
953 1126 1130 1173 nemini
1159 1125 1360 1172 dubium
1388 1133 1524 1184 esset,
1548 1140 1604 1172 eo
1630 1125 1705 1172 die

367 1192 531 1253 utique
572 1191 842 1240 affuturum.
906 1190 1076 1253 Neque
1116 1188 1459 1248 dissimulabat,
1497 1190 1617 1237 velle
1658 1205 1706 1237 se

651 1270 897 1303 numerum
930 1254 1179 1332 ampliare.
1216 1268 1359 1316 quare
1389 1254 1706 1316 specmculum

362 1318 687 1380 multiplicatis
719 1320 940 1367 missibus
976 1320 1028 1365 in
1061 1333 1214 1366 serum
1246 1317 1621 1395 protrahebatur,
1649 1333 1707 1365 ne

363 1381 566 1429 dominis
581 1381 809 1444 quidem
790 1398 893 1444 Jam
912 1383 1169 1430 factionum
1188 1382 1508 1443 dignantibus,
1531 1383 1624 1429 nisi
1645 1383 1705 1430 ad

363 1446 507 1492 totius
545 1445 638 1493 diei
674 1460 881 1507 cursum,
920 1462 1081 1510 greges
1114 1447 1291 1494 ducere.
1355 1446 1481 1494 Mox
1518 1455 1568 1494 et
1602 1449 1706 1509 ipse

363 1510 588 1587 aurigare,
612 1517 753 1573 atque
772 1511 913 1559 etiam
936 1512 1130 1575 spectari
1152 1511 1339 1575 saepius,
1363 1511 1540 1560 voluit.
1578 1512 1704 1574 posi-

362 1580 503 1636 toque
535 1575 586 1621 in
618 1575 764 1622 hortis
797 1576 915 1623 inter
947 1577 1133 1625 servitia
1169 1585 1216 1624 et
1247 1575 1482 1624 sordidam
1516 1576 1703 1654 plebem

360 1638 638 1700 rudimento,
660 1639 981 1689 universorum
1009 1657 1059 1689 se
1087 1641 1236 1690 oculis
1263 1642 1314 1687 in
1343 1642 1465 1689 circo
1492 1641 1707 1688 maximo

362 1703 577 1780 praebuit,
601 1703 761 1766 aliquo
780 1703 947 1753 liberto
965 1707 1177 1753 mittente
1196 1720 1438 1768 mappam,
1455 1706 1584 1753 unde
1602 1719 1705 1751 ma-

361 1768 584 1830 gistrams
613 1769 776 1817 solent.
841 1769 943 1817 Nec
972 1779 1213 1819 contentus
1231 1769 1399 1817 barum
1421 1769 1598 1817 artium
1622 1784 1704 1816 ex-

360 1832 637 1946 periments
648 1833 815 1882 Romae
846 1834 1042 1896 dedisse,
1080 1834 1314 1883 Achaiam
1352 1834 1431 1898 (ut
1468 1832 1704 1897 diximus)

360 1897 637 1959 petiahmc
667 1899 873 1946 maxime
900 1906 1072 1947 motus.
1138 1898 1444 1946 Instimeiant
1471 1900 1699 1957 civium,

363 1962 490 2024 apud
511 1977 630 2024 quas
651 1963 819 2010 musici
839 1978 1008 2026 agones
1028 1963 1104 2010 edi
1123 1963 1285 2023 solent,
1309 1977 1471 2010 omnes
1490 1962 1704 2011 citharo-

360 2025 527 2073 dorum
547 2041 734 2076 coronas
767 2027 828 2074 ad
856 2028 1016 2091 ipsum
1043 2029 1236 2076 mittere.
1301 2027 1400 2075 Eas
1429 2027 1548 2074 adeo
1575 2036 1704 2089 grate

360 2090 623 2152 recipiebat,
658 2100 715 2139 ut
745 2092 936 2153 legatos,
972 2092 1058 2154 qui
1090 2091 1401 2155 pertulissent,
1437 2105 1533 2138 non
1562 2092 1704 2139 modo

358 2154 533 2217 primos
552 2155 942 2217 admisedtteret,
961 2157 1104 2203 etiam
1124 2155 1435 2204 familiaribus
1454 2156 1647 2218 epulis·
1633 2170 1703 2202 in-

357 2226 624 2281 terponeret.
689 2221 739 2267 A
761 2221 1046 2283 quibusdam
1065 2236 1126 2268 ex
1144 2220 1220 2267 his
1239 2226 1446 2282 rogatus,
1468 2228 1526 2266 ut
1546 2228 1703 2267 cann-

226 2248 230 2253 φ
325 2280 331 2285 ’
357 2290 427 2329 ret
446 2299 584 2346 super
603 2299 795 2346 coenam,
818 2293 1133 2348 exceptusque
1151 2283 1398 2343 effiisiusff
1402 2283 1569 2332 ‘Solos
1589 2285 1705 2331 scire

358 2346 517 2396 audire
538 2349 739 2410 Graeces,
764 2349 979 2413 solosque
1006 2364 1056 2396 se
1083 2357 1129 2396 et
1159 2347 1324 2396 studiis
1352 2347 1452 2395 suis
1477 2347 1702 2410 dignos‚”

355 2410 437 2459 ait.
503 2412 605 2460 Nec
634 2414 912 2476 profectione
941 2413 1104 2474 dilata,
1126 2421 1183 2460 ιιι
1210 2413 1415 2476 primum
1443 2412 1701 2474 Οιιιιείοραι

355 2477 561 2588 {affigit-‚⁸
563 2478 730 2588 1ιιιιιιιιιι
758 2478 820 2526 ad
849 2494 976 2526 aram
997 2479 1135 2527 Jovis
1155 2477 1308 2527 Cassii
1336 2484 1520 2524 mutare
1541 2477 1702 2539 auspi-

417 2600 555 2665 (23.)
588 2604 851 2652 certamina
870 2606 1085 2670 deinceps
1115 2607 1233 2655 obiit
1261 2606 1433 2654 omnia.
1501 2605 1635 2651 Nam
1658 2613 1706 2652 et

352 2675 458 2721 quae
476 2663 892 2716 diversissimorum
913 2679 1176 2732 temporum
1199 2678 1325 2728 sunt,
1347 2668 1452 2729 cogi
1474 2668 1524 2714 in
1546 2683 1705 2716 unum

1202 2833 1242 2869 ἱ
